<?xml version="1.0" encoding="UTF-8"?>
<!DOCTYPE html PUBLIC "-//W3C//DTD XHTML 1.0 Transitional//EN"
    "http://www.w3.org/TR/xhtml1/DTD/xhtml1-transitional.dtd">
<html xmlns="http://www.w3.org/1999/xhtml" xml:lang="en" lang="en">
 <head>
  <title>
</title>
<meta http-equiv="Content-Type" content="text/html;charset=utf-8" />
  <meta name='ocr-system' content='tesseract 3.04.00' />
  <meta name='ocr-capabilities' content='ocr_page ocr_carea ocr_par ocr_line ocrx_word'/>
</head>
<body>
  <div class='ocr_page' id='page_1' title='image "./4773734_0011.png"; bbox 0 0 2362 3101; ppageno 0'>
   <div class='ocr_carea' id='block_1_1' title="bbox 174 1210 2132 1792">
    <p class='ocr_par' dir='ltr' id='par_1_1' title="bbox 174 1210 2132 1792">
     <span class='ocr_line' id='line_1_1' title="bbox 327 1210 2130 1282; baseline 0 -11"><span class='ocrx_word' id='word_1_1' title='bbox 327 1210 400 1271; x_wconf 74' lang='lat' dir='ltr'><strong>ln</strong></span> <span class='ocrx_word' id='word_1_2' title='bbox 427 1237 642 1271; x_wconf 90' lang='lat' dir='ltr'><strong>orationibus</strong></span> <span class='ocrx_word' id='word_1_3' title='bbox 669 1237 846 1282; x_wconf 82' lang='lat' dir='ltr'><strong>Verrinis‚</strong></span> <span class='ocrx_word' id='word_1_4' title='bbox 886 1247 971 1282; x_wconf 90' lang='lat' dir='ltr'><strong>quas</strong></span> <span class='ocrx_word' id='word_1_5' title='bbox 1009 1247 1077 1271; x_wconf 89' lang='lat' dir='ltr'><strong>una</strong></span> <span class='ocrx_word' id='word_1_6' title='bbox 1105 1240 1141 1270; x_wconf 90' lang='lat' dir='ltr'><strong>et</strong></span> <span class='ocrx_word' id='word_1_7' title='bbox 1167 1236 1389 1271; x_wconf 90' lang='lat' dir='ltr'><strong>consentiens</strong></span> <span class='ocrx_word' id='word_1_8' title='bbox 1415 1237 1569 1271; x_wconf 86' lang='lat' dir='ltr'><strong>virorum</strong></span> <span class='ocrx_word' id='word_1_9' title='bbox 1597 1236 1777 1270; x_wconf 91' lang='lat' dir='ltr'><strong>doctorum</strong></span> <span class='ocrx_word' id='word_1_10' title='bbox 1803 1246 1874 1270; x_wconf 90' lang='lat' dir='ltr'><strong>vox</strong></span> <span class='ocrx_word' id='word_1_11' title='bbox 1901 1237 2130 1281; x_wconf 87' lang='lat' dir='ltr'><strong>praestantis-</strong></span> 
     </span>
     <span class='ocr_line' id='line_1_2' title="bbox 175 1299 2131 1346; baseline -0.001 -9"><span class='ocrx_word' id='word_1_12' title='bbox 175 1301 267 1337; x_wconf 84' lang='lat' dir='ltr'>simis</span> <span class='ocrx_word' id='word_1_13' title='bbox 294 1305 452 1337; x_wconf 89' lang='lat' dir='ltr'><strong>veterum</strong></span> <span class='ocrx_word' id='word_1_14' title='bbox 479 1304 656 1336; x_wconf 91' lang='lat' dir='ltr'><strong>oratorum</strong></span> <span class='ocrx_word' id='word_1_15' title='bbox 691 1300 827 1346; x_wconf 91' lang='lat' dir='ltr'><strong>scriptis</strong></span> <span class='ocrx_word' id='word_1_16' title='bbox 866 1300 1088 1346; x_wconf 81' lang='lat' dir='ltr'><strong>adnumerat,</strong></span> <span class='ocrx_word' id='word_1_17' title='bbox 1128 1304 1249 1346; x_wconf 91' lang='lat' dir='ltr'><strong>quarta</strong></span> <span class='ocrx_word' id='word_1_18' title='bbox 1280 1300 1338 1335; x_wconf 93' lang='lat' dir='ltr'><strong>illa</strong></span> <span class='ocrx_word' id='word_1_19' title='bbox 1375 1310 1464 1346; x_wconf 85' lang='lat' dir='ltr'><strong>quae</strong></span> <span class='ocrx_word' id='word_1_20' title='bbox 1498 1299 1542 1334; x_wconf 91' lang='lat' dir='ltr'><strong>de</strong></span> <span class='ocrx_word' id='word_1_21' title='bbox 1577 1300 1686 1346; x_wconf 88' lang='lat' dir='ltr'><strong>signis</strong></span> <span class='ocrx_word' id='word_1_22' title='bbox 1720 1299 1917 1335; x_wconf 83' lang='lat' dir='ltr'><strong>inscribitur</strong></span> <span class='ocrx_word' id='word_1_23' title='bbox 1952 1304 2023 1335; x_wconf 90' lang='lat' dir='ltr'><strong>tum</strong></span> <span class='ocrx_word' id='word_1_24' title='bbox 2058 1300 2131 1335; x_wconf 87' lang='lat' dir='ltr'><strong>aliis</strong></span> 
     </span>
     <span class='ocr_line' id='line_1_3' title="bbox 175 1363 2130 1410; baseline -0.001 -10"><span class='ocrx_word' id='word_1_25' title='bbox 175 1365 335 1410; x_wconf 86' lang='lat' dir='ltr'><strong>splendet</strong></span> <span class='ocrx_word' id='word_1_26' title='bbox 360 1365 560 1409; x_wconf 86' lang='lat' dir='ltr'><strong>virtutibus,</strong></span> <span class='ocrx_word' id='word_1_27' title='bbox 598 1369 668 1399; x_wconf 91' lang='lat' dir='ltr'><strong>tum</strong></span> <span class='ocrx_word' id='word_1_28' title='bbox 697 1364 800 1398; x_wconf 89' lang='lat' dir='ltr'><strong>multa</strong></span> <span class='ocrx_word' id='word_1_29' title='bbox 827 1364 975 1409; x_wconf 90' lang='lat' dir='ltr'><strong>praebet</strong></span> <span class='ocrx_word' id='word_1_30' title='bbox 1001 1363 1175 1409; x_wconf 90' lang='lat' dir='ltr'><strong>praesidia</strong></span> <span class='ocrx_word' id='word_1_31' title='bbox 1203 1368 1306 1409; x_wconf 88' lang='lat' dir='ltr'><strong>atque</strong></span> <span class='ocrx_word' id='word_1_32' title='bbox 1334 1364 1532 1398; x_wconf 87' lang='lat' dir='ltr'><strong>adiumenta</strong></span> <span class='ocrx_word' id='word_1_33' title='bbox 1570 1363 1613 1398; x_wconf 92' lang='lat' dir='ltr'><strong>ad</strong></span> <span class='ocrx_word' id='word_1_34' title='bbox 1648 1364 1825 1399; x_wconf 81' lang='lat' dir='ltr'><strong>historiam</strong></span> <span class='ocrx_word' id='word_1_35' title='bbox 1861 1364 1942 1399; x_wconf 84' lang='lat' dir='ltr'><strong>artis</strong></span> <span class='ocrx_word' id='word_1_36' title='bbox 1969 1364 2130 1409; x_wconf 80' lang='lat' dir='ltr'><strong>antiquae</strong></span> 
     </span>
     <span class='ocr_line' id='line_1_4' title="bbox 176 1426 2132 1475; baseline -0.001 -12"><span class='ocrx_word' id='word_1_37' title='bbox 176 1429 369 1463; x_wconf 82' lang='lat' dir='ltr'><strong>accuratius</strong></span> <span class='ocrx_word' id='word_1_38' title='bbox 399 1427 693 1475; x_wconf 87' lang='lat' dir='ltr'><strong>cognoscendam.</strong></span> <span class='ocrx_word' id='word_1_39' title='bbox 746 1427 915 1462; x_wconf 87' lang='lat' dir='ltr'><strong>Versatur</strong></span> <span class='ocrx_word' id='word_1_40' title='bbox 943 1427 1034 1462; x_wconf 89' lang='lat' dir='ltr'><strong>enim</strong></span> <span class='ocrx_word' id='word_1_41' title='bbox 1061 1431 1130 1462; x_wconf 89' lang='lat' dir='ltr'><strong>tota</strong></span> <span class='ocrx_word' id='word_1_42' title='bbox 1168 1427 1202 1461; x_wconf 94' lang='lat' dir='ltr'><strong>in</strong></span> <span class='ocrx_word' id='word_1_43' title='bbox 1239 1427 1506 1474; x_wconf 88' lang='lat' dir='ltr'><strong>perstringenda</strong></span> <span class='ocrx_word' id='word_1_44' title='bbox 1546 1427 1685 1462; x_wconf 88' lang='lat' dir='ltr'><strong>avaritia</strong></span> <span class='ocrx_word' id='word_1_45' title='bbox 1723 1431 1759 1462; x_wconf 84' lang='lat' dir='ltr'><strong>et</strong></span> <span class='ocrx_word' id='word_1_46' title='bbox 1794 1426 2024 1472; x_wconf 88' lang='lat' dir='ltr'><strong>impudentia,</strong></span> <span class='ocrx_word' id='word_1_47' title='bbox 2064 1437 2132 1472; x_wconf 89' lang='lat' dir='ltr'><strong>qua</strong></span> 
     </span>
     <span class='ocr_line' id='line_1_5' title="bbox 174 1490 2132 1537; baseline -0.001 -9"><span class='ocrx_word' id='word_1_48' title='bbox 174 1493 304 1528; x_wconf 79' lang='lat' dir='ltr'><strong>Verres</strong></span> <span class='ocrx_word' id='word_1_49' title='bbox 331 1502 394 1537; x_wconf 88' lang='lat' dir='ltr'><strong>per</strong></span> <span class='ocrx_word' id='word_1_50' title='bbox 420 1492 615 1537; x_wconf 83' lang='lat' dir='ltr'><strong>triennium,</strong></span> <span class='ocrx_word' id='word_1_51' title='bbox 644 1496 680 1526; x_wconf 93' lang='lat' dir='ltr'><strong>ut</strong></span> <span class='ocrx_word' id='word_1_52' title='bbox 706 1491 934 1527; x_wconf 80' lang='lat' dir='ltr'><strong>insatiabilem</strong></span> <span class='ocrx_word' id='word_1_53' title='bbox 963 1496 1162 1537; x_wconf 89' lang='lat' dir='ltr'><strong>statuarum,</strong></span> <span class='ocrx_word' id='word_1_54' title='bbox 1191 1491 1383 1527; x_wconf 90' lang='lat' dir='ltr'><strong>tabularum</strong></span> <span class='ocrx_word' id='word_1_55' title='bbox 1411 1492 1588 1537; x_wconf 88' lang='lat' dir='ltr'><strong>pictarum,</strong></span> <span class='ocrx_word' id='word_1_56' title='bbox 1617 1502 1779 1527; x_wconf 91' lang='lat' dir='ltr'><strong>vasorum</strong></span> <span class='ocrx_word' id='word_1_57' title='bbox 1806 1491 2028 1527; x_wconf 91' lang='lat' dir='ltr'><strong>Deliacorum</strong></span> <span class='ocrx_word' id='word_1_58' title='bbox 2057 1490 2132 1526; x_wconf 93' lang='lat' dir='ltr'><strong>Co-</strong></span> 
     </span>
     <span class='ocr_line' id='line_1_6' title="bbox 174 1554 2130 1601; baseline -0.001 -11"><span class='ocrx_word' id='word_1_59' title='bbox 174 1556 469 1601; x_wconf 88' lang='lat' dir='ltr'><strong>rinthiorumque,</strong></span> <span class='ocrx_word' id='word_1_60' title='bbox 510 1556 620 1590; x_wconf 91' lang='lat' dir='ltr'><strong>omnis</strong></span> <span class='ocrx_word' id='word_1_61' title='bbox 660 1555 802 1601; x_wconf 86' lang='lat' dir='ltr'><strong>generis</strong></span> <span class='ocrx_word' id='word_1_62' title='bbox 840 1554 1061 1589; x_wconf 85' lang='lat' dir='ltr'><strong>artificiorum</strong></span> <span class='ocrx_word' id='word_1_63' title='bbox 1095 1555 1313 1600; x_wconf 85' lang='lat' dir='ltr'><strong>cupiditatem</strong></span> <span class='ocrx_word' id='word_1_64' title='bbox 1352 1555 1529 1600; x_wconf 87' lang='lat' dir='ltr'><strong>expleret,</strong></span> <span class='ocrx_word' id='word_1_65' title='bbox 1571 1556 1781 1599; x_wconf 89' lang='lat' dir='ltr'><strong>privatorum</strong></span> <span class='ocrx_word' id='word_1_66' title='bbox 1817 1555 1925 1590; x_wconf 89' lang='lat' dir='ltr'><strong>aedes</strong></span> <span class='ocrx_word' id='word_1_67' title='bbox 1961 1554 2130 1600; x_wconf 89' lang='lat' dir='ltr'><strong>spoliavit,</strong></span> 
     </span>
     <span class='ocr_line' id='line_1_7' title="bbox 176 1617 2132 1665; baseline -0.001 -12"><span class='ocrx_word' id='word_1_68' title='bbox 176 1618 300 1664; x_wconf 89' lang='lat' dir='ltr'><strong>oppida</strong></span> <span class='ocrx_word' id='word_1_69' title='bbox 327 1619 538 1653; x_wconf 87' lang='lat' dir='ltr'><strong>ornamentis</strong></span> <span class='ocrx_word' id='word_1_70' title='bbox 565 1617 724 1664; x_wconf 87' lang='lat' dir='ltr'><strong>nudavit,</strong></span> <span class='ocrx_word' id='word_1_71' title='bbox 764 1617 919 1653; x_wconf 90' lang='lat' dir='ltr'><strong>Deorum</strong></span> <span class='ocrx_word' id='word_1_72' title='bbox 956 1617 1083 1663; x_wconf 87' lang='lat' dir='ltr'><strong>templa</strong></span> <span class='ocrx_word' id='word_1_73' title='bbox 1125 1617 1350 1663; x_wconf 84' lang='lat' dir='ltr'><strong>depeculatus</strong></span> <span class='ocrx_word' id='word_1_74' title='bbox 1391 1622 1453 1653; x_wconf 89' lang='lat' dir='ltr'><strong>est.</strong></span> <span class='ocrx_word' id='word_1_75' title='bbox 1515 1618 1582 1653; x_wconf 84' lang='lat' dir='ltr'><strong>Vix</strong></span> <span class='ocrx_word' id='word_1_76' title='bbox 1613 1619 1717 1665; x_wconf 86' lang='lat' dir='ltr'><strong>igitur</strong></span> <span class='ocrx_word' id='word_1_77' title='bbox 1752 1618 1937 1664; x_wconf 85' lang='lat' dir='ltr'><strong>quidquam</strong></span> <span class='ocrx_word' id='word_1_78' title='bbox 1970 1619 2004 1653; x_wconf 92' lang='lat' dir='ltr'><strong>in</strong></span> <span class='ocrx_word' id='word_1_79' title='bbox 2040 1618 2132 1652; x_wconf 87' lang='lat' dir='ltr'><strong>omni</strong></span> 
     </span>
     <span class='ocr_line' id='line_1_8' title="bbox 175 1682 2132 1730; baseline -0.001 -12"><span class='ocrx_word' id='word_1_80' title='bbox 175 1684 372 1728; x_wconf 83' lang='lat' dir='ltr'><strong>antiquitate</strong></span> <span class='ocrx_word' id='word_1_81' title='bbox 400 1684 574 1729; x_wconf 89' lang='lat' dir='ltr'><strong>reperies,</strong></span> <span class='ocrx_word' id='word_1_82' title='bbox 614 1694 660 1718; x_wconf 87' lang='lat' dir='ltr'><strong>ex</strong></span> <span class='ocrx_word' id='word_1_83' title='bbox 687 1694 755 1728; x_wconf 90' lang='lat' dir='ltr'><strong>quo</strong></span> <span class='ocrx_word' id='word_1_84' title='bbox 783 1683 907 1718; x_wconf 90' lang='lat' dir='ltr'><strong>melius</strong></span> <span class='ocrx_word' id='word_1_85' title='bbox 936 1694 1037 1728; x_wconf 89' lang='lat' dir='ltr'><strong>quam</strong></span> <span class='ocrx_word' id='word_1_86' title='bbox 1064 1693 1110 1718; x_wconf 86' lang='lat' dir='ltr'><strong>ex</strong></span> <span class='ocrx_word' id='word_1_87' title='bbox 1137 1682 1202 1718; x_wconf 88' lang='lat' dir='ltr'><strong>hac</strong></span> <span class='ocrx_word' id='word_1_88' title='bbox 1230 1683 1403 1728; x_wconf 90' lang='lat' dir='ltr'><strong>oratione,</strong></span> <span class='ocrx_word' id='word_1_89' title='bbox 1440 1688 1657 1730; x_wconf 86' lang='lat' dir='ltr'><strong>quantopere</strong></span> <span class='ocrx_word' id='word_1_90' title='bbox 1685 1687 1778 1719; x_wconf 90' lang='lat' dir='ltr'><strong>artes</strong></span> <span class='ocrx_word' id='word_1_91' title='bbox 1805 1682 1987 1719; x_wconf 86' lang='lat' dir='ltr'><strong>floruerint</strong></span> <span class='ocrx_word' id='word_1_92' title='bbox 2012 1683 2046 1717; x_wconf 94' lang='lat' dir='ltr'><strong>in</strong></span> <span class='ocrx_word' id='word_1_93' title='bbox 2074 1682 2132 1718; x_wconf 95' lang='lat' dir='ltr'><strong>Si-</strong></span> 
     </span>
     <span class='ocr_line' id='line_1_9' title="bbox 175 1731 1373 1792; baseline 0.001 -12"><span class='ocrx_word' id='word_1_94' title='bbox 175 1745 251 1780; x_wconf 90' lang='lat' dir='ltr'><strong>cilia</strong></span> <span class='ocrx_word' id='word_1_95' title='bbox 279 1756 461 1792; x_wconf 31' lang='lat' dir='ltr'><strong>quamque·</strong></span> <span class='ocrx_word' id='word_1_96' title='bbox 480 1731 662 1792; x_wconf 84' lang='lat' dir='ltr'><strong>praeclara</strong></span> <span class='ocrx_word' id='word_1_97' title='bbox 688 1746 735 1780; x_wconf 90' lang='lat' dir='ltr'><strong>ibi</strong></span> <span class='ocrx_word' id='word_1_98' title='bbox 762 1746 957 1781; x_wconf 88' lang='lat' dir='ltr'><strong>exstiterint</strong></span> <span class='ocrx_word' id='word_1_99' title='bbox 983 1746 1064 1780; x_wconf 92' lang='lat' dir='ltr'><strong>artis</strong></span> <span class='ocrx_word' id='word_1_100' title='bbox 1093 1756 1218 1791; x_wconf 88' lang='lat' dir='ltr'><strong>opera,</strong></span> <span class='ocrx_word' id='word_1_101' title='bbox 1249 1745 1373 1781; x_wconf 86' lang='lat' dir='ltr'><strong>discas.</strong></span> 
     </span>
    </p>
   </div>
   <div class='ocr_carea' id='block_1_2' title="bbox 174 1872 2132 2047">
    <p class='ocr_par' dir='ltr' id='par_1_2' title="bbox 174 1872 2132 2047">
     <span class='ocr_line' id='line_1_10' title="bbox 327 1872 2131 1920; baseline -0.001 -12"><span class='ocrx_word' id='word_1_102' title='bbox 327 1873 369 1908; x_wconf 92' lang='lat' dir='ltr'><strong>Ut</strong></span> <span class='ocrx_word' id='word_1_103' title='bbox 396 1884 455 1908; x_wconf 90' lang='lat' dir='ltr'><strong>res</strong></span> <span class='ocrx_word' id='word_1_104' title='bbox 484 1884 574 1919; x_wconf 90' lang='lat' dir='ltr'><strong>quae</strong></span> <span class='ocrx_word' id='word_1_105' title='bbox 602 1873 668 1907; x_wconf 88' lang='lat' dir='ltr'><strong>hac</strong></span> <span class='ocrx_word' id='word_1_106' title='bbox 696 1873 852 1908; x_wconf 90' lang='lat' dir='ltr'><strong>oratione</strong></span> <span class='ocrx_word' id='word_1_107' title='bbox 886 1873 1106 1908; x_wconf 89' lang='lat' dir='ltr'><strong>continentur</strong></span> <span class='ocrx_word' id='word_1_108' title='bbox 1139 1873 1327 1919; x_wconf 85' lang='lat' dir='ltr'><strong>legentium</strong></span> <span class='ocrx_word' id='word_1_109' title='bbox 1363 1874 1496 1908; x_wconf 88' lang='lat' dir='ltr'><strong>animos</strong></span> <span class='ocrx_word' id='word_1_110' title='bbox 1531 1884 1749 1920; x_wconf 86' lang='lat' dir='ltr'><strong>magnopere</strong></span> <span class='ocrx_word' id='word_1_111' title='bbox 1784 1877 1902 1907; x_wconf 89' lang='lat' dir='ltr'><strong>tenent</strong></span> <span class='ocrx_word' id='word_1_112' title='bbox 1939 1877 1974 1907; x_wconf 92' lang='lat' dir='ltr'><strong>et</strong></span> <span class='ocrx_word' id='word_1_113' title='bbox 2008 1872 2131 1907; x_wconf 89' lang='lat' dir='ltr'><strong>delec-</strong></span> 
     </span>
     <span class='ocr_line' id='line_1_11' title="bbox 175 1936 2132 1984; baseline 0 -13"><span class='ocrx_word' id='word_1_114' title='bbox 175 1941 262 1982; x_wconf 92' lang='lat' dir='ltr'><strong>tant,</strong></span> <span class='ocrx_word' id='word_1_115' title='bbox 292 1938 342 1972; x_wconf 91' lang='lat' dir='ltr'><strong>sic</strong></span> <span class='ocrx_word' id='word_1_116' title='bbox 371 1937 576 1973; x_wconf 89' lang='lat' dir='ltr'><strong>elocutionis</strong></span> <span class='ocrx_word' id='word_1_117' title='bbox 603 1938 762 1983; x_wconf 83' lang='lat' dir='ltr'><strong>virtutes,</strong></span> <span class='ocrx_word' id='word_1_118' title='bbox 793 1937 985 1983; x_wconf 83' lang='lat' dir='ltr'><strong>elegantia,</strong></span> <span class='ocrx_word' id='word_1_119' title='bbox 1014 1937 1216 1982; x_wconf 88' lang='lat' dir='ltr'><strong>compositio</strong></span> <span class='ocrx_word' id='word_1_120' title='bbox 1245 1941 1280 1972; x_wconf 91' lang='lat' dir='ltr'><strong>et</strong></span> <span class='ocrx_word' id='word_1_121' title='bbox 1307 1937 1456 1984; x_wconf 86' lang='lat' dir='ltr'><strong>dignitas</strong></span> <span class='ocrx_word' id='word_1_122' title='bbox 1483 1937 1576 1972; x_wconf 92' lang='lat' dir='ltr'><strong>haud</strong></span> <span class='ocrx_word' id='word_1_123' title='bbox 1612 1938 1684 1973; x_wconf 92' lang='lat' dir='ltr'><strong>scio</strong></span> <span class='ocrx_word' id='word_1_124' title='bbox 1717 1948 1760 1973; x_wconf 88' lang='lat' dir='ltr'><strong>an</strong></span> <span class='ocrx_word' id='word_1_125' title='bbox 1787 1938 1968 1972; x_wconf 86' lang='lat' dir='ltr'><strong>maximam</strong></span> <span class='ocrx_word' id='word_1_126' title='bbox 1995 1936 2132 1971; x_wconf 91' lang='lat' dir='ltr'><strong>laudem</strong></span> 
     </span>
     <span class='ocr_line' id='line_1_12' title="bbox 174 1999 1822 2047; baseline 0.001 -13"><span class='ocrx_word' id='word_1_127' title='bbox 174 2005 384 2036; x_wconf 81' lang='lat' dir='ltr'><strong>mereantur.</strong></span> <span class='ocrx_word' id='word_1_128' title='bbox 438 2000 537 2035; x_wconf 92' lang='lat' dir='ltr'><strong>Duae</strong></span> <span class='ocrx_word' id='word_1_129' title='bbox 567 2005 681 2035; x_wconf 90' lang='lat' dir='ltr'><strong>autem</strong></span> <span class='ocrx_word' id='word_1_130' title='bbox 708 2010 766 2035; x_wconf 90' lang='lat' dir='ltr'><strong>res</strong></span> <span class='ocrx_word' id='word_1_131' title='bbox 795 2004 885 2047; x_wconf 86' lang='lat' dir='ltr'><strong>sunt,</strong></span> <span class='ocrx_word' id='word_1_132' title='bbox 914 2011 1004 2046; x_wconf 89' lang='lat' dir='ltr'><strong>quae</strong></span> <span class='ocrx_word' id='word_1_133' title='bbox 1031 2001 1139 2046; x_wconf 91' lang='lat' dir='ltr'><strong>primo</strong></span> <span class='ocrx_word' id='word_1_134' title='bbox 1169 1999 1335 2046; x_wconf 91' lang='lat' dir='ltr'><strong>adspectu</strong></span> <span class='ocrx_word' id='word_1_135' title='bbox 1364 2000 1621 2035; x_wconf 90' lang='lat' dir='ltr'><strong>admirationem</strong></span> <span class='ocrx_word' id='word_1_136' title='bbox 1650 2005 1822 2036; x_wconf 88' lang='lat' dir='ltr'><strong>moveant.</strong></span> 
     </span>
    </p>
   </div>
   <div class='ocr_carea' id='block_1_3' title="bbox 175 2127 2135 2625">
    <p class='ocr_par' dir='ltr' id='par_1_3' title="bbox 175 2127 2135 2625">
     <span class='ocr_line' id='line_1_13' title="bbox 328 2127 2132 2175; baseline -0.001 -12"><span class='ocrx_word' id='word_1_137' title='bbox 328 2128 381 2164; x_wconf 89' lang='lat' dir='ltr'><strong>Ac</strong></span> <span class='ocrx_word' id='word_1_138' title='bbox 409 2129 553 2175; x_wconf 89' lang='lat' dir='ltr'><strong>primum</strong></span> <span class='ocrx_word' id='word_1_139' title='bbox 581 2128 721 2174; x_wconf 88' lang='lat' dir='ltr'><strong>quidem</strong></span> <span class='ocrx_word' id='word_1_140' title='bbox 748 2129 864 2164; x_wconf 89' lang='lat' dir='ltr'><strong>mirari</strong></span> <span class='ocrx_word' id='word_1_141' title='bbox 891 2128 990 2175; x_wconf 86' lang='lat' dir='ltr'><strong>licet,</strong></span> <span class='ocrx_word' id='word_1_142' title='bbox 1030 2139 1092 2164; x_wconf 89' lang='lat' dir='ltr'><strong>cur</strong></span> <span class='ocrx_word' id='word_1_143' title='bbox 1120 2128 1260 2175; x_wconf 87' lang='lat' dir='ltr'><strong>Cicero,</strong></span> <span class='ocrx_word' id='word_1_144' title='bbox 1300 2139 1403 2175; x_wconf 91' lang='lat' dir='ltr'><strong>quum</strong></span> <span class='ocrx_word' id='word_1_145' title='bbox 1432 2138 1553 2165; x_wconf 89' lang='lat' dir='ltr'><strong>omnes</strong></span> <span class='ocrx_word' id='word_1_146' title='bbox 1581 2129 1686 2165; x_wconf 90' lang='lat' dir='ltr'><strong>Siculi</strong></span> <span class='ocrx_word' id='word_1_147' title='bbox 1714 2129 1806 2165; x_wconf 90' lang='lat' dir='ltr'><strong>diem</strong></span> <span class='ocrx_word' id='word_1_148' title='bbox 1833 2129 1934 2165; x_wconf 89' lang='lat' dir='ltr'><strong>Verri</strong></span> <span class='ocrx_word' id='word_1_149' title='bbox 1962 2127 2132 2163; x_wconf 92' lang='lat' dir='ltr'><strong>dixissent</strong></span> 
     </span>
     <span class='ocr_line' id='line_1_14' title="bbox 175 2191 2131 2240; baseline 0 -14"><span class='ocrx_word' id='word_1_150' title='bbox 175 2196 315 2238; x_wconf 88' lang='lat' dir='ltr'><strong>praeter</strong></span> <span class='ocrx_word' id='word_1_151' title='bbox 341 2191 563 2228; x_wconf 89' lang='lat' dir='ltr'><strong>Mamertinos</strong></span> <span class='ocrx_word' id='word_1_152' title='bbox 591 2196 624 2228; x_wconf 89' lang='lat' dir='ltr'><strong>et</strong></span> <span class='ocrx_word' id='word_1_153' title='bbox 652 2192 914 2240; x_wconf 82' lang='lat' dir='ltr'><strong>Syracusanos,</strong></span> <span class='ocrx_word' id='word_1_154' title='bbox 954 2193 1051 2240; x_wconf 89' lang='lat' dir='ltr'><strong>quasi</strong></span> <span class='ocrx_word' id='word_1_155' title='bbox 1088 2203 1210 2228; x_wconf 90' lang='lat' dir='ltr'><strong>eorum</strong></span> <span class='ocrx_word' id='word_1_156' title='bbox 1242 2193 1469 2239; x_wconf 89' lang='lat' dir='ltr'><strong>patrocinium</strong></span> <span class='ocrx_word' id='word_1_157' title='bbox 1508 2196 1663 2228; x_wconf 85' lang='lat' dir='ltr'><strong>tueretur</strong></span> <span class='ocrx_word' id='word_1_158' title='bbox 1696 2194 1754 2239; x_wconf 89' lang='lat' dir='ltr'><strong>qui</strong></span> <span class='ocrx_word' id='word_1_159' title='bbox 1789 2193 2002 2239; x_wconf 89' lang='lat' dir='ltr'><strong>praedonem</strong></span> <span class='ocrx_word' id='word_1_160' title='bbox 2030 2193 2131 2227; x_wconf 90' lang='lat' dir='ltr'><strong>istum</strong></span> 
     </span>
     <span class='ocr_line' id='line_1_15' title="bbox 176 2258 2131 2303; baseline 0 -12"><span class='ocrx_word' id='word_1_161' title='bbox 176 2263 246 2291; x_wconf 81' lang='lat' dir='ltr'><strong>non</strong></span> <span class='ocrx_word' id='word_1_162' title='bbox 274 2263 571 2303; x_wconf 86' lang='lat' dir='ltr'><strong>persequerentur</strong></span> <span class='ocrx_word' id='word_1_163' title='bbox 598 2263 871 2302; x_wconf 89' lang='lat' dir='ltr'><strong>accusarentve,</strong></span> <span class='ocrx_word' id='word_1_164' title='bbox 913 2258 947 2292; x_wconf 91' lang='lat' dir='ltr'><strong>id</strong></span> <span class='ocrx_word' id='word_1_165' title='bbox 974 2259 1188 2303; x_wconf 89' lang='lat' dir='ltr'><strong>potissimum</strong></span> <span class='ocrx_word' id='word_1_166' title='bbox 1216 2259 1347 2303; x_wconf 85' lang='lat' dir='ltr'><strong>egerit,</strong></span> <span class='ocrx_word' id='word_1_167' title='bbox 1383 2263 1420 2292; x_wconf 94' lang='lat' dir='ltr'><strong>ut</strong></span> <span class='ocrx_word' id='word_1_168' title='bbox 1447 2263 1595 2303; x_wconf 90' lang='lat' dir='ltr'><strong>quantae</strong></span> <span class='ocrx_word' id='word_1_169' title='bbox 1623 2259 1768 2293; x_wconf 91' lang='lat' dir='ltr'><strong>iniuriae</strong></span> <span class='ocrx_word' id='word_1_170' title='bbox 1797 2258 1849 2293; x_wconf 91' lang='lat' dir='ltr'><strong>his</strong></span> <span class='ocrx_word' id='word_1_171' title='bbox 1879 2258 2012 2292; x_wconf 89' lang='lat' dir='ltr'><strong>duabus</strong></span> <span class='ocrx_word' id='word_1_172' title='bbox 2041 2258 2131 2291; x_wconf 89' lang='lat' dir='ltr'><strong>civi—</strong></span> 
     </span>
     <span class='ocr_line' id='line_1_16' title="bbox 177 2320 2131 2368; baseline -0.001 -11"><span class='ocrx_word' id='word_1_173' title='bbox 177 2320 301 2357; x_wconf 86' lang='lat' dir='ltr'><strong>tatibus</strong></span> <span class='ocrx_word' id='word_1_174' title='bbox 328 2321 442 2358; x_wconf 88' lang='lat' dir='ltr'><strong>illatae</strong></span> <span class='ocrx_word' id='word_1_175' title='bbox 479 2325 618 2368; x_wconf 87' lang='lat' dir='ltr'><strong>essent,</strong></span> <span class='ocrx_word' id='word_1_176' title='bbox 659 2321 923 2358; x_wconf 89' lang='lat' dir='ltr'><strong>demonstraret.</strong></span> <span class='ocrx_word' id='word_1_177' title='bbox 990 2321 1095 2358; x_wconf 87' lang='lat' dir='ltr'><strong>Cuius</strong></span> <span class='ocrx_word' id='word_1_178' title='bbox 1121 2322 1174 2358; x_wconf 92' lang='lat' dir='ltr'><strong>rei</strong></span> <span class='ocrx_word' id='word_1_179' title='bbox 1200 2332 1339 2357; x_wconf 87' lang='lat' dir='ltr'><strong>causam</strong></span> <span class='ocrx_word' id='word_1_180' title='bbox 1367 2331 1436 2357; x_wconf 91' lang='lat' dir='ltr'><strong>non</strong></span> <span class='ocrx_word' id='word_1_181' title='bbox 1464 2325 1517 2357; x_wconf 91' lang='lat' dir='ltr'><strong>est</strong></span> <span class='ocrx_word' id='word_1_182' title='bbox 1544 2320 1637 2368; x_wconf 92' lang='lat' dir='ltr'><strong>quod</strong></span> <span class='ocrx_word' id='word_1_183' title='bbox 1664 2321 1777 2358; x_wconf 87' lang='lat' dir='ltr'><strong>multis</strong></span> <span class='ocrx_word' id='word_1_184' title='bbox 1805 2320 1921 2358; x_wconf 89' lang='lat' dir='ltr'><strong>verbis</strong></span> <span class='ocrx_word' id='word_1_185' title='bbox 1949 2320 2131 2368; x_wconf 86' lang='lat' dir='ltr'><strong>explicem.</strong></span> 
     </span>
     <span class='ocr_line' id='line_1_17' title="bbox 178 2384 2134 2432; baseline 0.001 -14"><span class='ocrx_word' id='word_1_186' title='bbox 178 2384 295 2424; x_wconf 87' lang='lat' dir='ltr'><strong>Quivis</strong></span> <span class='ocrx_word' id='word_1_187' title='bbox 323 2387 414 2419; x_wconf 90' lang='lat' dir='ltr'><strong>enim</strong></span> <span class='ocrx_word' id='word_1_188' title='bbox 441 2387 600 2432; x_wconf 86' lang='lat' dir='ltr'><strong>intelligit</strong></span> <span class='ocrx_word' id='word_1_189' title='bbox 626 2396 696 2420; x_wconf 92' lang='lat' dir='ltr'><strong>non</strong></span> <span class='ocrx_word' id='word_1_190' title='bbox 722 2387 877 2431; x_wconf 90' lang='lat' dir='ltr'><strong>potuisse</strong></span> <span class='ocrx_word' id='word_1_191' title='bbox 906 2386 970 2420; x_wconf 88' lang='lat' dir='ltr'><strong>hac</strong></span> <span class='ocrx_word' id='word_1_192' title='bbox 997 2388 1130 2420; x_wconf 90' lang='lat' dir='ltr'><strong>ratione</strong></span> <span class='ocrx_word' id='word_1_193' title='bbox 1158 2385 1246 2431; x_wconf 87' lang='lat' dir='ltr'><strong>fieri,</strong></span> <span class='ocrx_word' id='word_1_194' title='bbox 1276 2387 1357 2430; x_wconf 91' lang='lat' dir='ltr'><strong>quin</strong></span> <span class='ocrx_word' id='word_1_195' title='bbox 1385 2385 1466 2430; x_wconf 92' lang='lat' dir='ltr'><strong>quid</strong></span> <span class='ocrx_word' id='word_1_196' title='bbox 1494 2387 1654 2430; x_wconf 91' lang='lat' dir='ltr'><strong>perpessi</strong></span> <span class='ocrx_word' id='word_1_197' title='bbox 1682 2391 1801 2420; x_wconf 88' lang='lat' dir='ltr'><strong>essent</strong></span> <span class='ocrx_word' id='word_1_198' title='bbox 1828 2387 2028 2430; x_wconf 82' lang='lat' dir='ltr'><strong>adversarii,</strong></span> <span class='ocrx_word' id='word_1_199' title='bbox 2058 2386 2134 2419; x_wconf 88' lang='lat' dir='ltr'><strong>cla-</strong></span> 
     </span>
     <span class='ocr_line' id='line_1_18' title="bbox 177 2448 2135 2496; baseline 0.002 -14"><span class='ocrx_word' id='word_1_200' title='bbox 177 2448 248 2483; x_wconf 90' lang='lat' dir='ltr'><strong>rius</strong></span> <span class='ocrx_word' id='word_1_201' title='bbox 276 2454 471 2496; x_wconf 88' lang='lat' dir='ltr'><strong>appareret.</strong></span> <span class='ocrx_word' id='word_1_202' title='bbox 525 2450 668 2496; x_wconf 89' lang='lat' dir='ltr'><strong>Propter</strong></span> <span class='ocrx_word' id='word_1_203' title='bbox 696 2450 843 2485; x_wconf 91' lang='lat' dir='ltr'><strong>eandem</strong></span> <span class='ocrx_word' id='word_1_204' title='bbox 879 2461 1018 2486; x_wconf 91' lang='lat' dir='ltr'><strong>causam</strong></span> <span class='ocrx_word' id='word_1_205' title='bbox 1054 2449 1208 2486; x_wconf 84' lang='lat' dir='ltr'><strong>facinora</strong></span> <span class='ocrx_word' id='word_1_206' title='bbox 1242 2450 1277 2485; x_wconf 90' lang='lat' dir='ltr'><strong>in</strong></span> <span class='ocrx_word' id='word_1_207' title='bbox 1313 2450 1467 2496; x_wconf 89' lang='lat' dir='ltr'><strong>privatos</strong></span> <span class='ocrx_word' id='word_1_208' title='bbox 1503 2449 1660 2486; x_wconf 88' lang='lat' dir='ltr'><strong>homines</strong></span> <span class='ocrx_word' id='word_1_209' title='bbox 1701 2451 1886 2486; x_wconf 91' lang='lat' dir='ltr'><strong>commissa</strong></span> <span class='ocrx_word' id='word_1_210' title='bbox 1925 2460 2135 2486; x_wconf 88' lang='lat' dir='ltr'><strong>enumerans</strong></span> 
     </span>
     <span class='ocr_line' id='line_1_19' title="bbox 178 2513 2135 2561; baseline 0.002 -16"><span class='ocrx_word' id='word_1_211' title='bbox 178 2513 287 2557; x_wconf 90' lang='lat' dir='ltr'><strong>primo</strong></span> <span class='ocrx_word' id='word_1_212' title='bbox 314 2513 394 2549; x_wconf 91' lang='lat' dir='ltr'><strong>loco</strong></span> <span class='ocrx_word' id='word_1_213' title='bbox 422 2516 538 2560; x_wconf 89' lang='lat' dir='ltr'><strong>posuit</strong></span> <span class='ocrx_word' id='word_1_214' title='bbox 565 2515 681 2561; x_wconf 84' lang='lat' dir='ltr'><strong>signa,</strong></span> <span class='ocrx_word' id='word_1_215' title='bbox 711 2514 858 2560; x_wconf 89' lang='lat' dir='ltr'><strong>tabulas,</strong></span> <span class='ocrx_word' id='word_1_216' title='bbox 889 2514 953 2549; x_wconf 92' lang='lat' dir='ltr'><strong>alia</strong></span> <span class='ocrx_word' id='word_1_217' title='bbox 981 2515 1062 2549; x_wconf 88' lang='lat' dir='ltr'><strong>artis</strong></span> <span class='ocrx_word' id='word_1_218' title='bbox 1091 2524 1197 2559; x_wconf 90' lang='lat' dir='ltr'><strong>opera</strong></span> <span class='ocrx_word' id='word_1_219' title='bbox 1226 2515 1313 2550; x_wconf 91' lang='lat' dir='ltr'><strong>Heio</strong></span> <span class='ocrx_word' id='word_1_220' title='bbox 1342 2515 1544 2549; x_wconf 88' lang='lat' dir='ltr'><strong>Mamertino</strong></span> <span class='ocrx_word' id='word_1_221' title='bbox 1574 2519 1712 2560; x_wconf 86' lang='lat' dir='ltr'><strong>erepta,</strong></span> <span class='ocrx_word' id='word_1_222' title='bbox 1741 2520 1776 2549; x_wconf 94' lang='lat' dir='ltr'><strong>et</strong></span> <span class='ocrx_word' id='word_1_223' title='bbox 1802 2516 1836 2549; x_wconf 92' lang='lat' dir='ltr'><strong>in</strong></span> <span class='ocrx_word' id='word_1_224' title='bbox 1865 2520 2021 2550; x_wconf 88' lang='lat' dir='ltr'><strong>extrema</strong></span> <span class='ocrx_word' id='word_1_225' title='bbox 2050 2525 2135 2549; x_wconf 84' lang='lat' dir='ltr'><strong>ora-</strong></span> 
     </span>
     <span class='ocr_line' id='line_1_20' title="bbox 178 2576 2135 2625; baseline 0.001 -15"><span class='ocrx_word' id='word_1_226' title='bbox 178 2576 269 2611; x_wconf 91' lang='lat' dir='ltr'><strong>tione</strong></span> <span class='ocrx_word' id='word_1_227' title='bbox 298 2576 386 2612; x_wconf 83' lang='lat' dir='ltr'><strong>sacta</strong></span> <span class='ocrx_word' id='word_1_228' title='bbox 415 2579 586 2614; x_wconf 90' lang='lat' dir='ltr'><strong>civitatum</strong></span> <span class='ocrx_word' id='word_1_229' title='bbox 615 2578 839 2624; x_wconf 86' lang='lat' dir='ltr'><strong>expilatarum</strong></span> <span class='ocrx_word' id='word_1_230' title='bbox 868 2579 1041 2614; x_wconf 87' lang='lat' dir='ltr'><strong>mentione</strong></span> <span class='ocrx_word' id='word_1_231' title='bbox 1063 2579 1290 2613; x_wconf 90' lang='lat' dir='ltr'><strong>miserrimam</strong></span> <span class='ocrx_word' id='word_1_232' title='bbox 1310 2578 1608 2625; x_wconf 80' lang='lat' dir='ltr'><strong>Syracusanorum</strong></span> <span class='ocrx_word' id='word_1_233' title='bbox 1629 2579 1855 2624; x_wconf 88' lang='lat' dir='ltr'><strong>direptionem</strong></span> <span class='ocrx_word' id='word_1_234' title='bbox 1877 2582 2135 2615; x_wconf 90' lang='lat' dir='ltr'><strong>commemorat.</strong></span> 
     </span>
    </p>
   </div>
   <div class='ocr_carea' id='block_1_4' title="bbox 180 2698 2137 2820">
    <p class='ocr_par' dir='ltr' id='par_1_4' title="bbox 180 2698 2137 2820">
     <span class='ocr_line' id='line_1_21' title="bbox 330 2698 2136 2754; baseline 0.001 -14"><span class='ocrx_word' id='word_1_235' title='bbox 330 2705 463 2742; x_wconf 92' lang='lat' dir='ltr'><strong>Deinde</strong></span> <span class='ocrx_word' id='word_1_236' title='bbox 491 2712 545 2742; x_wconf 90' lang='lat' dir='ltr'><strong>est</strong></span> <span class='ocrx_word' id='word_1_237' title='bbox 572 2707 665 2753; x_wconf 91' lang='lat' dir='ltr'><strong>quod</strong></span> <span class='ocrx_word' id='word_1_238' title='bbox 700 2707 836 2741; x_wconf 87' lang='lat' dir='ltr'><strong>mireris</strong></span> <span class='ocrx_word' id='word_1_239' title='bbox 874 2698 1080 2742; x_wconf 76' lang='lat' dir='ltr'><strong>Ciceronem</strong></span> <span class='ocrx_word' id='word_1_240' title='bbox 1115 2707 1160 2741; x_wconf 89' lang='lat' dir='ltr'><strong>ita</strong></span> <span class='ocrx_word' id='word_1_241' title='bbox 1197 2707 1240 2742; x_wconf 91' lang='lat' dir='ltr'><strong>de</strong></span> <span class='ocrx_word' id='word_1_242' title='bbox 1269 2708 1351 2743; x_wconf 90' lang='lat' dir='ltr'><strong>artis</strong></span> <span class='ocrx_word' id='word_1_243' title='bbox 1380 2707 1544 2753; x_wconf 90' lang='lat' dir='ltr'><strong>operibus</strong></span> <span class='ocrx_word' id='word_1_244' title='bbox 1573 2708 1686 2754; x_wconf 91' lang='lat' dir='ltr'><strong>loqui,</strong></span> <span class='ocrx_word' id='word_1_245' title='bbox 1725 2712 1762 2743; x_wconf 90' lang='lat' dir='ltr'><strong>ut</strong></span> <span class='ocrx_word' id='word_1_246' title='bbox 1793 2719 1929 2753; x_wconf 90' lang='lat' dir='ltr'><strong>rerum,</strong></span> <span class='ocrx_word' id='word_1_247' title='bbox 1970 2717 2058 2752; x_wconf 89' lang='lat' dir='ltr'><strong>quae</strong></span> <span class='ocrx_word' id='word_1_248' title='bbox 2094 2708 2136 2742; x_wconf 87' lang='lat' dir='ltr'><strong>ad</strong></span> 
     </span>
     <span class='ocr_line' id='line_1_22' title="bbox 180 2769 2137 2820; baseline 0.003 -18"><span class='ocrx_word' id='word_1_249' title='bbox 180 2771 270 2803; x_wconf 85' lang='lat' dir='ltr'><strong>artes</strong></span> <span class='ocrx_word' id='word_1_250' title='bbox 298 2769 332 2804; x_wconf 92' lang='lat' dir='ltr'><strong>in</strong></span> <span class='ocrx_word' id='word_1_251' title='bbox 361 2769 568 2819; x_wconf 82' lang='lat' dir='ltr'><strong>effingendis</strong></span> <span class='ocrx_word' id='word_1_252' title='bbox 596 2771 714 2807; x_wconf 86' lang='lat' dir='ltr'><strong>formis</strong></span> <span class='ocrx_word' id='word_1_253' title='bbox 742 2775 923 2807; x_wconf 89' lang='lat' dir='ltr'><strong>versantes</strong></span> <span class='ocrx_word' id='word_1_254' title='bbox 951 2775 1117 2818; x_wconf 86' lang='lat' dir='ltr'><strong>spectant,</strong></span> <span class='ocrx_word' id='word_1_255' title='bbox 1146 2782 1277 2819; x_wconf 88' lang='lat' dir='ltr'><strong>gnarus</strong></span> <span class='ocrx_word' id='word_1_256' title='bbox 1300 2772 1568 2820; x_wconf 85' lang='lat' dir='ltr'><strong>intelligensque</strong></span> <span class='ocrx_word' id='word_1_257' title='bbox 1595 2772 1707 2808; x_wconf 89' lang='lat' dir='ltr'><strong>videri</strong></span> <span class='ocrx_word' id='word_1_258' title='bbox 1735 2772 1828 2808; x_wconf 89' lang='lat' dir='ltr'><strong>nolit.</strong></span> <span class='ocrx_word' id='word_1_259' title='bbox 1882 2772 2017 2807; x_wconf 89' lang='lat' dir='ltr'><strong>Etenim</strong></span> <span class='ocrx_word' id='word_1_260' title='bbox 2044 2772 2137 2818; x_wconf 89' lang='lat' dir='ltr'><strong>quod</strong></span> 
     </span>
    </p>
   </div>
   <div class='ocr_carea' id='block_1_5' title="bbox 179 2830 2136 2932">
    <p class='ocr_par' dir='ltr' id='par_1_5' title="bbox 179 2830 2136 2932">
     <span class='ocr_line' id='line_1_23' title="bbox 179 2830 2136 2884; baseline 0.004 -21"><span class='ocrx_word' id='word_1_261' title='bbox 179 2830 445 2870; x_wconf 89' lang='lat' dir='ltr'><strong>clarissimorum</strong></span> <span class='ocrx_word' id='word_1_262' title='bbox 473 2837 640 2880; x_wconf 89' lang='lat' dir='ltr'><strong>pictorum</strong></span> <span class='ocrx_word' id='word_1_263' title='bbox 669 2836 950 2882; x_wconf 90' lang='lat' dir='ltr'><strong>sculptorumque</strong></span> <span class='ocrx_word' id='word_1_264' title='bbox 979 2836 1117 2871; x_wconf 91' lang='lat' dir='ltr'><strong>nomina</strong></span> <span class='ocrx_word' id='word_1_265' title='bbox 1152 2837 1354 2882; x_wconf 90' lang='lat' dir='ltr'><strong>pronuntiet</strong></span> <span class='ocrx_word' id='word_1_266' title='bbox 1388 2848 1427 2873; x_wconf 89' lang='lat' dir='ltr'><strong>se</strong></span> <span class='ocrx_word' id='word_1_267' title='bbox 1467 2841 1625 2883; x_wconf 89' lang='lat' dir='ltr'><strong>excusat,</strong></span> <span class='ocrx_word' id='word_1_268' title='bbox 1660 2837 1851 2883; x_wconf 89' lang='lat' dir='ltr'><strong>eademque</strong></span> <span class='ocrx_word' id='word_1_269' title='bbox 1879 2837 1934 2871; x_wconf 91' lang='lat' dir='ltr'><strong>vel</strong></span> <span class='ocrx_word' id='word_1_270' title='bbox 1972 2838 2136 2884; x_wconf 83' lang='lat' dir='ltr'><strong>ignorare</strong></span> 
     </span>
     <span class='ocr_line' id='line_1_24' title="bbox 1831 2899 1880 2932; baseline 0 -12"><span class='ocrx_word' id='word_1_271' title='bbox 1831 2899 1880 2932; x_wconf 79' lang='lat'><strong>1*</strong></span> 
     </span>
    </p>
   </div>
  </div>
 </body>
</html>
