2362 3101
1098 168 1141 172 —
1198 147 1271 183 vui
1326 168 1370 171 ——

245 259 410 298 Timntis
436 263 474 295 et
501 269 622 296 eorum
650 260 708 305 qui
737 270 808 295 non
837 260 905 295 sint
931 260 985 295 usi
1012 260 1089 305 plus
1117 271 1217 305 quam
1245 263 1396 305 quatuor
1412 259 1598 305 coloribus,
1628 258 1759 295 forms
1788 262 1822 293 et
1842 258 2057 299 „lineamenta
2083 259 2216 297 laudari

245 327 432 369 opottere,
470 327 506 358 at
531 323 568 358 in
594 322 768 367 Echione,
804 323 1035 367 Nicomacho,
1075 322 1290 368 Protogene,
1328 322 1454 368 Apelle
1489 323 1556 357 iam
1590 321 1749 368 persecu
1776 332 1856 358 esse
1885 323 1998 359 omnia
2026 323 2215 360 contendit.

246 387 349 429 Quod
379 387 542 422 iudicium
571 388 649 433 quis
678 393 731 421 est
759 388 839 432 quin
869 384 1074 431 probet*)‘?
1128 386 1164 421 ln
1193 386 1328 432 legibus
1356 386 1580 433 indagandis,
1618 397 1715 432 quat.
1732 386 1796 422 sibi
1823 387 2027 433 sumpserint
2053 386 2213 432 artifices,

248 461 329 486 num
358 460 472 497 aeque
501 450 671 485 subtiliter
698 459 839 494 semper
866 454 1024 484 versatus
1052 450 1112 495 sit,
1153 448 1314 494 equidem
1352 449 1482 484 dubito.
1541 450 1626 485 Mira
1660 449 1716 484 illa
1744 448 1884 494 quidem
1912 453 1965 483 est
1991 449 2142 483 narratio
2171 449 2214 483 de

244 515 415 559 Zeuxide,
444 525 547 560 quem
575 514 657 548 dicit
684 525 703 548 a
732 514 951 558 Crotoniatas,
981 513 1196 548 miletenae
1221 514 1442 549 simulacrum
1470 515 1553 559 ipsis
1579 515 1751 560 pingeret,
1780 518 1940 560 rogatum
1968 515 2121 559 quinque
2150 513 2214 547 sibi

244 579 398 626 elegisse
426 577 583 625 virgines
610 575 897 623 formosissimas,
927 576 1006 622 quia
1034 586 1107 612 non
1139 577 1309 623 putaverit
1343 577 1457 612 omnia
1490 587 1580 623 quae
1613 581 1802 623 quaereret
1829 575 1872 622 ad
1899 580 2114 612 venustatem
2142 585 2212 612 uno

244 644 280 678 in
308 653 461 688 corpore
489 653 528 677 se
556 642 715 686 reperire
743 651 858 685 posse.
896 640 939 675 de
967 641 1097 675 invent.
1126 641 1165 686 Il,
1198 642 1229 675 l.
1272 643 1430 676 Attamen
1457 642 1637 686 praeclare
1666 641 1709 676 de
1737 642 1871 677 Phidia:
1899 641 1984 680 Nec
2013 651 2113 676 vero
2140 640 2212 676 ille

244 704 421 753 artifex,
459 715 580 752 quum
620 703 786 741 faceret
819 704 940 740 iovis
979 703 1150 741 sormam
1186 708 1255 741 aut
1289 704 1521 753 Minervae,
1559 703 1923 752 contemplabatur
1956 703 2152 751 aliquem,
2191 713 2211 739 e

245 781 328 816 que
358 770 677 804 similitudinem
708 769 900 812 duceret,
938 770 1010 802 sed
1044 770 1182 812 ipsius
1211 770 1249 802 in
1277 774 1414 803 mente
1444 770 1657 804 insidebat
1682 770 1853 812 species
1880 769 2210 812 pulchritudinis

244 836 400 872 eximia
427 832 648 881 quaedam,
677 844 795 879 quam
823 833 995 869 intuens
1023 833 1061 868 in
1090 844 1225 880 eaque
1255 831 1424 869 defixus
1452 831 1499 869 ad
1528 831 1642 869 illius
1670 831 1987 869 similitudinem
2015 835 2144 868 artem
2172 835 2212 868 et

242 908 406 933 manuni
442 895 745 944 dirigebat“).
797 899 895 932 Orat.
924 907 955 930 c.
985 896 1019 940 2,
1049 896 1082 931 9.
1164 897 1302 932 Phidiae
1338 896 1530 930 simulacris
1565 896 1752 940 quidquam
1788 897 1821 932 in
1856 897 1924 932 hoc
1957 906 2092 943 genere
2129 906 2210 932 esse

241 973 325 999 esse
353 962 543 1009 perfectius
571 966 689 1008 negat.
743 961 787 996 cf.
824 962 918 997 Brut.
948 961 1008 996 64.
1064 961 1173 996 Acad.
1201 961 1239 1006 11,
1269 959 1328 996 47.
1384 960 1455 995 Fin.
1484 960 1522 1006 ll,
1551 959 1611 996 34.
1675 960 1850 996 Laudibus
1882 961 1985 997 effert
2010 960 2209 998 Alcamenis

490 1286 694 1316 ampo-eumn,
716 1284 852 1315 capulum
874 1289 984 1314 quoque
1004 1284 1034 1308 et
1054 1285 1157 1314 pubem
1177 1289 1236 1307 aa·
1257 1284 1437 1308 emaciatam
1465 1283 1590 1314 rectane,
1621 1289 1705 1314 quam
1737 1284 1822 1309 rudia
1843 1284 2001 1314 antiquita-n
2023 1284 2207 1308 inclinasset.

494 1350 530 1354 -
554 1333 664 1364 Brunn.
689 1332 799 1360 ilistor.
822 1340 922 1369 graec.
946 1331 1022 1359 artis.
1047 1332 1065 1359 l.
1090 1339 1157 1369 pag.
1178 1333 1244 1360 154.
1267 1332 1395 1361 laudatis
1417 1332 1574 1360 Ciceronis
1597 1333 1628 1362 et
1650 1331 1822 1365 Quintiliani
1845 1333 2006 1361 sententiis
2028 1333 2069 1361 ita
2091 1332 2206 1368 pergit:

494 1386 544 1414 Bei
568 1385 624 1413 der
645 1385 836 1420 Wiirdigung
862 1384 964 1412 dieser
986 1384 1117 1411 Urtheile
1148 1385 1177 1411 in
1201 1384 1297 1412 ihrem
1320 1383 1524 1412 Verhaltnisse
1547 1392 1584 1411 zu
1607 1384 1707 1412 denen
1731 1385 1786 1412 des
1806 1384 1919 1412 Plinius
1941 1384 2049 1412 diirren
2072 1384 2129 1411 wir
2151 1390 2208 1411 uns

493 1436 573 1465 wohl
596 1435 751 1467 erlauben.
775 1436 803 1463 in
828 1435 943 1464 Betreff
962 1435 1044 1463 ihrer
1066 1435 1233 1463 Auctoritat
1253 1435 1344 1463 einen
1365 1434 1568 1463 Unterschied
1590 1442 1628 1463 zu
1647 1435 1788 1465 macheu.
1831 1434 1943 1463 Plinius
1965 1435 2051 1465 theitt
2074 1441 2131 1462 uns
2153 1441 2208 1462 eus

494 1488 601 1515 eeinen
631 1487 859 1515 vertremichen
892 1487 1018 1519 Quellen
1048 1487 1126 1520 (hier
1155 1494 1210 1515 aun
1233 1487 1340 1521 Varro)
1371 1487 1419 1514 ein
1450 1486 1625 1514 vii-thebea
1645 1487 1878 1515 Ketion-wrthen
1909 1488 1980 1519 mit.
2012 1487 2064 1514 die
2096 1486 2208 1514 beiden

490 1539 644 1567 abetoren
667 1537 767 1565 hatten
791 1537 856 1565 sich
879 1537 967 1565 mehr
988 1544 1025 1563 an
1048 1536 1103 1564 dns
1128 1537 1241 1564 Urtheil
1263 1537 1319 1564 dea
1341 1537 1660 1572 Kunstgeschmackes
1682 1537 1766 1564 ihrer
1786 1538 1864 1571 leit.
1892 1538 1980 1565 mehr
1999 1537 2057 1565 der
2079 1537 2209 1565 asmen-

492 1590 597 1622 schen,
619 1589 705 1616 nicht
727 1592 831 1624 sti-eng
853 1589 1057 1616 kiinstlerisch
1081 1588 1255 1623 gebildeteu
1277 1588 1540 1615 Kunstliebhaber.
1575 1603 1611 1607 —
1643 1587 1710 1614 Wie
1744 1588 1792 1615 ein
1825 1588 1920 1617 durch
1943 1589 2114 1624 Siissigkeit
2135 1597 2210 1616 ver-

492 1638 634 1667 wohnter
646 1639 781 1667 Gaumen
805 1639 894 1667 einen
919 1638 1034 1667 herben
1048 1639 1135 1666 Wein
1159 1638 1325 1671 verachtet‚
1348 1644 1382 1665 so
1405 1640 1521 1666 musste
1545 1638 1593 1666 ein
1614 1636 1711 1664 durch
1728 1637 1778 1665 die
1789 1638 1962 1667 Weichheit
1977 1638 2210 1674 praxitelischer

492 1690 618 1720 Gebilde
640 1691 838 1719 verwehnter
860 1690 1143 1727 Knnetgesehmack
1175 1698 1213 1718 an
1247 1690 1303 1718 der
1330 1688 1508 1726 Rerbigkeit
1541 1689 1602 1718 und
1623 1690 1754 1725 Strenge
1775 1689 1861 1718 eines
1883 1690 1990 1727 Myron
2012 1689 2209 1726 nothweneig

493 1744 622 1770 Austoes
643 1742 787 1770 nebmen.
838 1743 947 1770 Cicero
967 1742 1067 1770 selhst
1087 1743 1128 1769 iet
1149 1742 1235 1769 muln
1256 1742 1338 1770 obri·
1357 1742 1432 1769 Slnn
1452 1741 1503 1769 Giir
1524 1741 1609 1769 dieue
1632 1740 1770 1776 voi-ange
1791 1740 1850 1768 der
1870 1741 1986 1769 §lmen
2008 1742 2119 1774 [unet.
2150 1742 2208 1769 wie

493 1801 529 1822 er
551 1793 633 1823 dean
654 1801 681 1821 z.
703 1793 735 1821 B.
758 1794 844 1821 aeine
867 1793 983 1822 Fraude
1014 1801 1052 1821 an
1074 1793 1145 1821 dem
1176 1800 1248 1829 pun.
1271 1793 1379 1829 Kriege
1409 1792 1466 1819 des
1487 1792 1618 1821 Naevius
1647 1792 1702 1819 mit
1734 1791 1789 1820 der
1818 1799 1855 1820 an
1885 1793 1985 1822 einem
2009 1793 2121 1821 werke
2154 1792 2209 1821 des

494 1846 602 1882 Myron
625 1845 792 1881 vergleicht
814 1846 908 1879 (Brut.
931 1853 957 1874 c.
984 1847 1041 1881 19).
1084 1844 1165 1873 Aber
1186 1844 1292 1872 seinen
1315 1845 1533 1880 Zeitgenossen
1564 1842 1742 1880 geganiiber
1762 1846 1844 1879 wngt
1867 1851 1902 1873 er
1927 1844 2017 1872 kaum
2041 1844 2090 1872 die
2113 1844 2210 1872 Kunst

492 1897 579 1925 eines
601 1896 736 1932 Polyclet
757 1898 786 1924 in
809 1897 885 1924 allen
902 1897 1113 1933 Beziehungen
1136 1895 1289 1923 vollendet
1311 1895 1520 1923 hinzustellen.
1553 1895 1590 1922 cl'.
1614 1896 1705 1922 etiam
1723 1894 1761 1922 de
1773 1894 1927 1930 Polycleto
1950 1893 2052 1923 Brunn
2063 1896 2084 1928 1,
2098 1904 2127 1931 p.
2140 1897 2208 1923 231.

432 1998 458 2032 *)
491 1999 766 2027 Praestantissimis
798 1999 965 2027 artificibus
999 1998 1241 2027 adnumeravere
1263 2000 1417 2025 tentonem
1444 1998 1517 2032 (sive
1540 1998 1698 2025 Aetionem
1729 1997 1766 2025 cs.
1791 1997 1892 2025 Brunn
1921 1998 1952 2040 ll,
1982 2006 2012 2034 p.
2036 1999 2106 2030 243)
2136 1998 2209 2026 Plin.

491 2050 525 2078 Η.
550 2051 583 2077 N.
607 2050 715 2082 XXXV,
741 2053 764 2083 7,
789 2058 812 2078 s.
838 2053 884 2077 32.
937 2053 1141 2078 Nicomachum
1184 2050 1332 2077 Plutarch.
1364 2049 1433 2077 mul.
1465 2050 1533 2077 virt.
1577 2049 1643 2077 Vita
1665 2048 1769 2077 Timol.
1795 2052 1842 2077 36.
1905 2052 2096 2085 Proteyenen
2139 2050 2210 2078 Plin.

492 2101 602 2133 XXXV,
631 2103 673 2133 to,
697 2108 721 2128 s.
747 2104 793 2128 36.
837 2101 971 2136 Apellem
994 2101 1094 2127 omnis
1117 2101 1292 2136 antiquitas.

410 2204 457 2238 **)
489 2204 589 2232 Verba
613 2205 771 2231 Ciceronis
794 2207 894 2236 Itaque
915 2207 944 2230 e!
964 2207 1086 2230 putatae
1107 2207 1282 2235 simulacris,
1305 2207 1407 2236 quibua
1428 2206 1500 2229 null
1520 2206 1551 2229 in
1573 2206 1622 2230 cuo
1643 2212 1751 2237 genere
1771 2206 1934 2237 perfectius
1954 2208 2094 2236 videmus,
2115 2208 2144 2231 et
2163 2208 2209 2232 Ιιίε

489 2258 635 2290 piceum.
656 2264 729 2290 qaas
751 2258 914 2288 nominavi,
937 2257 1065 2290 coquere
1087 2257 1181 2283 tannen
1203 2263 1356 2290 poemmm
1378 2256 1548 2289 pulchriore
1569 2261 1630 2283 non
1651 2256 1738 2284 recte
1760 2254 1980 2292 interpretatus
2002 2257 2050 2284 est
2071 2255 2208 2285 Stahrius

491 2308 569 2335 haec
601 2307 759 2335 disserens
791 2307 887 2334 Torso
910 2307 940 2339 ll,
964 2315 993 2341 p.
1019 2309 1091 2334 193:
1134 2307 1169 2334 Ja
1198 2310 1255 2334 wir
1287 2298 1436 2342 er'tappen
1469 2306 1520 2334 ibn
1555 2306 1687 2341 (Cicero)
1722 2314 1814 2342 sogar
1846 2306 2042 2334 unmittelbar
2072 2308 2149 2335 nach
2173 2309 2207 2342 (9)

484 2358 591 2394 Jenem
613 2357 782 2386 tretffichen
805 2357 912 2386 Worte
944 2356 1023 2385 iiber
1044 2356 1163 2385 Phidias
1195 2356 1285 2391 „dass
1315 2357 1418 2386 dieser
1447 2356 1527 2386 hehe
1552 2357 1675 2386 Meister
1695 2365 1751 2386 aus
1774 2357 1830 2386 der
1851 2356 1934 2386 Tiese
1956 2357 2012 2386 der
2033 2358 2094 2386 ihm
2115 2358 2208 2387 iune-

490 2408 686 2437 wohnenden
709 2409 962 2438 Schonheitsidee
985 2409 1070 2437 seine
1093 2408 1209 2436 Athene
1231 2408 1398 2437 Parthenos
1432 2408 1493 2436 und
1523 2408 1631 2437 seinen
1653 2409 1865 2445 olympischen
1887 2409 2007 2445 Jupiter
2034 2409 2207 2445 geschatren

495 2459 590 2489 habe“
613 2460 667 2490 aur
685 2460 741 2490 der
762 2460 1002 2494 wunderlichen,
1023 2459 1082 2488 fast
1103 2467 1158 2489 ans
1180 2459 1310 2489 Alberne
1334 2459 1521 2488 streirenden
1543 2459 1758 2498 Behauptung:
1782 2467 1834 2494 „es
1856 2459 1934 2497 gebe
1955 2459 2025 2488 kein
2048 2460 2208 2490 vollende—

492 2512 541 2538 tes
562 2512 761 2545 Kunstwerk.
793 2513 831 2540 da
862 2512 917 2539 der
938 2512 1115 2540 Beschauer
1144 2512 1239 2539 selbst
1267 2512 1350 2539 heim
1374 2511 1499 2539 Anhlick
1533 2512 1589 2539 der
1621 2512 1823 2540 herrlichsten
1845 2512 1958 2539 Werke
1981 2513 2066 2539 eines
2087 2512 2207 2539 Phidias

491 2562 601 2591 immor
621 2563 702 2591 noch
722 2563 780 2591 mit
800 2563 905 2590 seiner
926 2562 1119 2598 Vorstellung
1141 2561 1219 2590 iiber
1250 2561 1409 2590 dieselben
1431 2561 1639 2598 hinausgehen
1662 2563 1724 2591 und
1746 2563 1814 2591 sich
1836 2561 1916 2591 noch
1938 2561 2104 2594 schonere.
2127 2562 2207 2591 noch

495 2613 701 2642 vollendetere
724 2615 836 2642 Werke
859 2614 981 2642 denken
1003 2614 1131 2642 konne.‘⁴
1182 2614 1224 2642 Ex
1248 2615 1283 2642 iis
1306 2621 1384 2650 quae
1407 2614 1593 2643 antecedunt
1614 2614 1718 2643 verbis
1739 2615 1807 2643 luce
1830 2614 1942 2642 clarius
1964 2617 2093 2650 apparet
2114 2615 2207 2643 Cice—

491 2664 577 2691 ronis
599 2664 782 2693 sententiam
804 2665 883 2693 hanc
906 2672 991 2693 esse:
1024 2665 1095 2692 nihil
1117 2671 1187 2692 esse
1209 2664 1298 2700 plane
1321 2664 1492 2700 perfectum
1516 2667 1607 2702 atque
1631 2666 1768 2693 numeris
1789 2664 1963 2693 absolutum
1985 2667 2109 2700 praeter
2130 2672 2207 2701 spe-

490 2716 556 2744 cies
579 2718 610 2744 et
633 2715 754 2749 formas,
777 2725 855 2753 quae
878 2718 979 2745 animo
1002 2718 1173 2745 teneantur.
1216 2715 1339 2744 Phidiae
1363 2716 1453 2753 igitur
1475 2717 1635 2746 simulacra
1659 2716 1729 2745 licet
1751 2717 1811 2744 sint
1832 2716 1968 2753 egregia,
1991 2718 2094 2745 tamen
2115 2717 2204 2753 plane

490 2767 630 2804 perfecta
652 2767 711 2795 dici
735 2775 795 2795 non
817 2775 919 2804 posse.
953 2769 1023 2803 quia
1048 2768 1191 2796 inferiora
1212 2768 1271 2796 sint
1295 2769 1399 2804 specie
1421 2768 1656 2804 pulchritudinis
1680 2769 1774 2795 menti
1795 2767 1892 2801 infixa,
1925 2768 1964 2795 ad
1985 2769 2074 2796 cuius
2096 2769 2206 2796 slmili—

484 2818 623 2847 tudinem
646 2818 752 2846 artifex
776 2819 823 2847 ille
845 2822 942 2847 artem
965 2822 996 2847 et
1017 2827 1140 2847 manum
1163 2819 1318 2847 direxerit.
