2362 3101
992 127 1153 161 —vll
1206 146 1252 151 —

148 243 270 276 censet
294 238 388 274 Brut.
417 249 447 273 c.
476 237 546 283 873
583 248 766 274 numerum
793 239 981 274 oratorium
1008 240 1119 275 serius
1147 240 1323 286 aliquanto
1350 243 1503 275 notatum
1540 244 1575 274 et
1607 240 1781 286 cognitum
1816 240 1914 285 quasi
1942 239 2113 285 quandam

145 303 353 352 palaestram
382 306 416 339 et
443 306 634 339 extrema
660 302 919 340 lineamenta
956 302 1031 347 (die
1059 303 1189 340 letzten
1215 303 1479 350 Pinselstriche‚
1517 303 1578 339 das
1605 304 1710 339 letzte
1738 304 1989 350 Meisselspiel)
2026 315 2113 340 ora-

145 368 231 404 tioni
258 366 415 402 attulisse
441 367 581 402 iudicat.
637 367 732 402 Orat.
762 378 792 401 c.
821 366 881 402 58.

298 494 351 530 De
379 494 565 531 artificibus
594 503 786 542 eorumque
825 499 899 530 arte
936 494 1038 530 multa
1074 495 1221 542 egregia
1262 494 1388 530 iudicia
1423 494 1507 530 tulit.
1562 495 1714 531 Pictores
1748 500 1782 531 et
1820 495 1902 531 artis
1940 499 2113 531 amatores

146 561 237 595 inter
254 569 294 595 se
315 569 521 605 comparans
549 570 668 604 quam
696 559 844 604 multa,
871 560 990 605 inquit,
1018 559 1209 604 pictores
1236 559 1383 594 vident
1410 560 1449 594 in
1478 559 1634 594 umbris
1663 564 1704 594 et
1731 561 1975 604 eminentia,
2005 570 2112 604 quae

147 632 221 658 nos
247 632 330 658 non
356 622 575 659 videmus?
619 622 728 659 Acad.
756 622 795 669 11,
825 622 858 668 7,
888 621 947 657 20.
1006 621 1233 668 Nequaquam
1268 632 1355 657 vero
1395 626 1518 658 censet
1551 623 1723 658 neminem
1760 622 1802 658 de
1836 623 1919 658 artis
1947 623 2111 669 operibus

146 686 300 722 iudicare
327 696 432 732 posse
454 687 518 721 nisi
541 686 703 722 artifices.
758 687 909 721 Omnes
937 687 1045 721 enim
1074 687 1205 721 tacito
1235 686 1411 731 quodam
1440 696 1567 721 sensu
1596 688 1687 721 sine
1716 686 1802 721 ulla
1832 691 1920 721 arte
1949 691 2016 721 aut
2043 697 2114 720 ra—

145 750 279 796 tione,
316 761 422 797 quae
451 750 535 787 sint
562 751 600 786 in
629 750 790 787 artibus
818 760 865 786 ac
891 751 1147 796 rationibus,
1180 755 1296 786 recta
1325 761 1370 786 ac
1397 761 1525 796 prava
1554 750 1802 797 diiudicant,
1839 751 1964 797 idque
1992 761 2111 796 quum

146 813 309 849 faciunt
341 815 382 850 in
416 815 597 860 picturis
636 819 677 850 et
712 815 753 849 in
788 814 923 861 signis
960 818 999 849 et
1033 815 1072 848 in
1107 814 1201 849 aliis
1235 814 1453 860 operibus,
1489 814 1537 848 ad
1573 824 1747 858 quorum
1779 814 2111 861 intelligentiam

147 889 167 914 a
194 883 342 915 natura
370 879 502 914 minus
528 878 685 914 habent
710 878 997 922 instrumenti,
1021 882 1102 914 tum
1130 878 1257 913 multo
1285 878 1518 914 ostendunt
1543 879 1675 926 magis
1703 879 1742 914 in
1770 879 2005 924 verborum,
2033 889 2112 914 nu·-

146 954 363 989 merorum,
383 953 617 989 vocumque
636 942 807 978 iudicio.
829 942 873 978 de
886 942 1117 987 Orat.n1‚50‚
1135 942 1217 977 195.
1233 942 1342 977 ——ad
1359 943 1559 988 picturam
1580 943 1838 989 probandam
1859 943 2113 978 adhibentur

147 1009 270 1044 etiam
297 1007 423 1043 inscii
451 1006 639 1041 faciendi
667 1017 753 1041 cum
781 1006 920 1052 aliqua
947 1006 1141 1041 sollertia
1168 1006 1394 1041 iudicandi.
1436 1005 1479 1041 de
1497 1006 1621 1051 Optim.
1643 1007 1730 1042 Gen.
1751 1006 1810 1042 Or.
1832 1018 1861 1042 c.
1882 1008 1916 1041 4.
1963 1007 1999 1041 ln
2018 1007 2112 1041 Ver-

144 1073 230 1107 rinis
256 1072 333 1116 ipse
361 1070 500 1126 quidem
527 1071 573 1105 ita
600 1070 644 1105 de
673 1071 782 1117 signis
810 1075 844 1104 et
869 1069 995 1105 tabulis
1022 1070 1122 1115 pictis
1149 1070 1311 1115 loquitur,
1340 1075 1377 1104 ut
1400 1070 1443 1111 de
1464 1071 1602 1115 propria
1627 1071 1793 1115 cuiusque
1820 1070 1958 1105 artificis
1986 1071 2112 1105 virtute

145 1135 227 1171 nihil
255 1134 389 1180 discas3
417 1134 451 1168 in
479 1133 555 1169 aliis
583 1144 668 1169 vero
696 1134 834 1180 scriptis
863 1133 907 1168 de
935 1133 1074 1169 diversa
1101 1133 1285 1180 insignium
1313 1134 1571 1180 statuariorum,
1601 1133 1831 1180 sculptorum,
1859 1135 2028 1180 pictorum
2055 1135 2113 1169 in-

147 1199 228 1235 dole
257 1203 291 1234 et
317 1203 439 1233 natura
466 1198 570 1233 multa
598 1199 746 1245 egregie
776 1198 949 1233 observat.
1002 1197 1045 1232 Ut
1071 1198 1190 1242 paucis
1225 1202 1304 1232 utar
1337 1198 1524 1243 exemplis,
1571 1198 1657 1233 Una
1696 1198 1891 1244 fingendi
1929 1203 1992 1233 est
2026 1208 2110 1244 ars,

145 1263 270 1309 inquit,
305 1262 344 1297 in
380 1272 458 1308 qua
490 1262 760 1307 praestantes
788 1261 911 1296 fuere
938 1261 1070 1307 Myro,
1103 1260 1363 1307 Polycletus,
1398 1261 1621 1307 Lysippus,
1663 1262 1730 1307 qui
1759 1271 1902 1297 omnes
1929 1262 2041 1296 inter
2067 1272 2111 1296 se

148 1325 377 1362 dissimiles
405 1325 593 1371 suerunt,
633 1324 707 1360 sed
741 1325 798 1359 ita
834 1329 1002 1372 tamen„
1030 1328 1071 1359 ut
1107 1324 1314 1359 neminem
1350 1325 1413 1359 sui
1440 1324 1548 1359 velis
1585 1335 1682 1359 esse
1711 1324 1970 1361 dissimilem.
2026 1325 2111 1360 Una

148 1394 214 1425 est
257 1400 324 1424 ars
359 1389 556 1434 ratioque
593 1390 786 1434 picturae
827 1388 1185 1432 dissimillimique
1225 1392 1361 1423 tamen
1395 1389 1508 1422 inter
1549 1399 1594 1423 se
1629 1389 1799 1433 Zeuxis,
1840 1388 2110 1436 Aglaophon,

146 1453 339 1499 Apelles3
380 1462 518 1498 neque
553 1461 695 1488 eorum
723 1452 937 1498 quisquam
967 1456 1046 1497 est,
1084 1452 1150 1487 cui
1185 1450 1410 1498 quidquam
1438 1452 1477 1486 in
1505 1456 1595 1487 arte
1622 1462 1694 1487 sua
1724 1452 1876 1487 deesse
1904 1451 2110 1488 videatur.

148 1516 191 1551 de
220 1516 314 1551 Orat.
342 1516 395 1551 111.
424 1515 457 1562 7,
487 1515 535 1550 26
546 1514 598 1559 ²).
654 1515 738 1550 Cum
765 1515 832 1550 hoo
859 1515 938 1549 loco
968 1507 1237 1561 comparandu'm
1265 1520 1318 1550 est
1344 1515 1526 1560 iudicium,
1566 1515 1659 1561 quod
1699 1516 1741 1550 de
1778 1515 1900 1550 iisdem
1937 1517 2110 1551 statuariis

147 1585 182 1615 et
209 1580 253 1615 de
281 1579 531 1626 antiquioribus
558 1579 745 1615 artificibus
772 1579 882 1615 fertur
912 1579 1008 1614 Brut.
1036 1590 1065 1614 c.
1092 1578 1150 1614 18.
1198 1580 1406 1614 Accuratius
1434 1579 1650 1627 singulorum
1679 1579 1844 1614 artificum
1873 1590 1995 1615 manus
2022 1590 2112 1625 pen-

147 1654 228 1680 sans
255 1648 290 1679 et
316 1643 507 1679 diiudicans
546 1643 729 1679 Canachi
766 1644 885 1690 signa
922 1643 1132 1689 rigidiora
1165 1653 1262 1678 esse
1296 1644 1359 1689 ait,
1398 1653 1515 1687 quam
1553 1648 1593 1678 ut
1628 1644 1844 1678 imitentur
1870 1644 2109 1687 veritatem;

149 1706 375 1742 Calamidis
404 1707 505 1742 dura
531 1707 604 1742 illa
632 1706 813 1753 quidem,
853 1706 928 1742 sed
955 1710 1091 1742 tamen
1118 1706 1329 1753 molliora,
1372 1717 1490 1753 quam
1519 1707 1718 1753 Canachi;
1758 1707 1939 1742 nondum
1967 1707 2111 1754 Myro-

149 1772 214 1806 nis
249 1771 352 1807 satis
391 1771 439 1807 ad
475 1772 698 1806 veritatem
737 1770 934 1816 adducta,
973 1771 1050 1805 iam
1087 1776 1238 1816 tamen,
1279 1781 1384 1816 quae
1417 1782 1499 1806 non
1533 1771 1699 1806 dubites
1731 1771 1911 1817 pulchra
1948 1771 2110 1816 dicere,

149 1834 393 1880 pulchriora
421 1835 544 1870 etiam
570 1834 777 1880 Polycleti
805 1839 844 1868 et
877 1835 954 1869 iam
980 1834 1104 1879 plane
1132 1833 1335 1880 perfecta.
1397 1834 1491 1868 Idem
1526 1834 1602 1869 fere
1639 1839 1827 1870 senserunt
1860 1835 1999 1876 Quintil.
2027 1835 2108 1870 Inst.

150 1902 234 1933 orat.
262 1897 319 1933 lib.
348 1898 419 1945 XlI,
451 1898 507 1935 10.
560 1898 644 1933 Plin.
673 1897 757 1934 Hist.
785 1897 860 1933 Nat.
889 1897 1042 1945 XXXIV,
1071 1908 1100 1934 c.
1130 1896 1164 1933 8.
1194 1893 1231 1934 ss
1254 1897 1299 1933 19
1313 1896 1392 1942 st).
1447 1897 1540 1934 Inter
1567 1898 1720 1944 pictores
1749 1898 1887 1945 Zeuxis,
1915 1898 2109 1946 Polygnoti,

336 2159 362 2193 2)
396 2158 558 2186 verissime
592 2157 630 2185 de
662 2157 720 2184 hoc
750 2156 816 2183 loco
850 2154 964 2183 iudicat
992 2156 1130 2183 stahrius
1164 2156 1277 2190 (Torso,
1301 2158 1322 2183 t.
1347 2158 1372 2183 2.
1404 2164 1471 2191 pag.
1498 2158 1574 2189 194),
1598 2156 1685 2183 cuius
1709 2155 1802 2183 verba
1824 2156 1901 2183 haec
1924 2159 2012 2183 sunt:
2057 2156 2109 2183 Mit

395 2209 496 2238 dieser
511 2208 711 2244 Bemerkung‚
734 2207 783 2235 die
806 2206 914 2235 Cicero
937 2206 1013 2234 auch
1037 2206 1090 2234 auf
1109 2206 1163 2235 das
1187 2206 1294 2235 Gebiet
1317 2206 1373 2235 der
1393 2206 1499 2235 Poesie
1522 2206 1687 2243 iibertragt,
1711 2214 1760 2235 wo
1784 2215 1818 2235 er
1839 2214 1898 2235 von
1923 2206 1981 2235 den
2007 2208 2107 2235 romi-

395 2262 490 2289 schen
513 2260 660 2288 Dichtern
682 2260 812 2292 Ennius,
843 2258 991 2286 Pacuvius
1014 2258 1075 2285 und
1097 2259 1196 2286 Attius
1219 2258 1282 2286 und
1303 2266 1361 2285 von
1389 2258 1448 2285 den
1471 2258 1535 2285 drei
1559 2265 1685 2293 grossen
1710 2258 1921 2293 griechischen
1945 2258 2109 2293 Tragikern

396 2312 572 2349 Aeschylos,
595 2310 762 2347 Sophocles
785 2309 846 2337 und
870 2309 1028 2344 Euripides
1051 2309 1190 2337 dasselbe
1213 2311 1288 2345 sagt,
1311 2309 1354 2346 ist,
1372 2308 1419 2335 die
1431 2308 1699 2344 Vielgestaltigkeit
1722 2308 1777 2336 des
1801 2309 1941 2336 Schonen
1966 2309 2027 2337 und
2051 2310 2109 2337 der

394 2364 495 2392 Kunst
517 2364 546 2391 in
570 2363 625 2391 der
646 2361 855 2397 Erscheinung
878 2360 939 2388 und
963 2360 1011 2388 die
1033 2360 1256 2396 Berechtigung
1279 2359 1334 2387 der
1355 2359 1660 2395 Eigenthiimlichkeit
1691 2360 1746 2388 des
1769 2360 1966 2389 schaffenden
1995 2361 2110 2388 Kiinst—

392 2415 462 2448 lers,
486 2415 540 2442 das
563 2421 626 2441 was
648 2414 705 2441 wir
727 2414 756 2440 in
780 2413 835 2440 der
859 2412 1015 2440 Aesthetik
1037 2412 1102 2448 Styl
1125 2411 1185 2439 und
1209 2411 1375 2439 Charakter
1397 2419 1526 2444 nennen,
1549 2412 1809 2447 ausgesprochen.

317 2496 362 2531 1’““)
397 2496 517 2530 Quintil.
540 2496 557 2524 l.
581 2496 597 2523 1.
635 2498 765 2523 Duriora
792 2498 821 2522 et
843 2497 1012 2522 Tteecanicis
1040 2497 1174 2528 proxima
1205 2495 1307 2521 Callon
1336 2497 1420 2527 atque
1442 2496 1598 2528 Περαία-9,
1632 2497 1688 2521 iam
1721 2497 1817 2521 minus
1846 2498 1942 2529 riqida
1974 2497 2109 2527 Calamis,

395 2550 526 2575 molliora
548 2550 641 2574 adhuc
661 2555 755 2580 supra
776 2549 862 2573 dictis
874 2549 977 2580 Myron
1001 2548 1082 2580 fecit.
1118 2547 1275 2579 Dillyentia
1298 2554 1332 2572 ac
1354 2549 1441 2572 decor
1462 2549 1492 2571 in
1515 2547 1660 2579 Polycleto
1682 2554 1774 2579 supra
1798 2549 1919 2578 ceteros,
1942 2550 1990 2573 cui
2012 2555 2110 2578 quam-

395 2607 477 2632 quam
499 2608 517 2626 a
538 2600 687 2632 plerisque
708 2601 848 2625 tribultur
868 2600 973 2631 palma,
996 2599 1089 2623 tamen
1110 2604 1147 2623 ne
1168 2598 1240 2622 nihil
1262 2599 1442 2628 detrahatur,
1465 2599 1567 2623 deesse
1589 2600 1703 2629 pondus
1724 2600 1836 2630 putant.

516 2649 587 2677 Plin.
611 2649 648 2676 de
672 2649 838 2685 Polycleto:
883 2651 937 2676 Hic
969 2655 1181 2675 consummasse
1209 2650 1284 2675 hanc
1310 2650 1459 2675 scientiam
1493 2650 1641 2675 iudicatur·
1663 2651 1691 2675 et
1713 2651 1872 2682 toreuticen
1896 2651 1939 2675 sic
1961 2651 2109 2680 erudisse,

395 2705 427 2730 nl
448 2704 568 2729 Phidias
581 2702 753 2736 'aper-uisse.

518 2753 587 2780 Plin.
611 2752 648 2780 de
671 2752 812 2788 Myrone:
855 2754 973 2778 Primus
994 2754 1040 2777 Ιιὶε
1060 2752 1270 2784 multiplicasse
1291 2754 1444 2778 veritatem
1476 2754 1608 2784 videtur,
1639 2754 1822 2777 numerosior
1851 2754 1880 2777 in
1913 2753 1995 2782 arte,
2026 2759 2110 2783 quam

394 2806 572 2838 Polycletus,
595 2807 624 2831 et
644 2807 674 2831 in
696 2807 861 2838 symmetria
883 2804 1062 2836 dillyentlor5
1094 2804 1123 2829 et
1144 2805 1206 2835 ipse
1228 2805 1322 2829 tamen
1345 2811 1498 2835 corporum
1521 2806 1604 2829 lenus
1626 2806 1777 2834 curiosus,
1817 2805 1905 2828 animi
1926 2810 2032 2829 sensus
2054 2811 2109 2828 non
