2362 3101
1001 175 1278 219 —x'm—

309 297 469 343 Imperita
502 296 681 332 multitudo
716 300 845 332 tantum
879 296 985 331 abfuit
1017 300 1054 331 ut
1088 296 1250 331 Mummio
1288 297 1552 342 imprudentiam
1580 297 1662 331 vitio
1690 299 1859 342 verteret,
1896 300 1933 330 ut
1959 297 1994 330 in
2020 296 2125 331 laude

156 366 316 408 poneret.
380 360 514 396 Etenim
550 371 627 395 cum
661 360 784 396 divitiis
817 361 994 396 immensis
1029 361 1183 406 luxuria,
1224 361 1364 396 avaritia
1399 361 1584 405 omniaque
1617 361 1776 395 vitiorum
1815 371 1949 406 genera
1981 360 2125 396 Romam

156 424 446 473 immigraverant.
490 423 608 459 Mores
627 423 814 471 depravati
840 423 1048 470 populorum
1076 424 1134 471 qui
1161 424 1195 458 in
1223 427 1430 470 potestatem
1458 427 1492 458 et
1519 422 1657 458 tutelam
1679 423 1914 458 Romanorum
1941 428 2123 469 venerant,

156 489 296 524 feroces
323 491 491 523 victorum
520 490 653 523 animos
679 489 769 523 adeo
798 494 1031 533 corruperunt
1057 494 1091 523 et
1119 493 1342 532 enervarunt,
1371 493 1408 522 ut
1434 490 1469 522 in
1496 490 1614 531 paucis
1643 493 1771 522 tantum
1800 489 2020 532 pristinarum
2048 490 2125 522 vir-

156 556 264 589 tutum
290 553 437 600 vestigia
465 555 697 588 remanerent.
750 551 828 587 Non
856 556 909 587 est
935 551 1040 599 igitur
1067 551 1160 598 quod
1187 552 1353 587 miremur
1380 550 1486 586 fuisse
1516 550 1724 597 complures,
1755 551 1813 597 qui
1841 551 2007 587 maiorem
2036 562 2125 587 suo-

156 628 233 652 rum
261 616 508 661 simplicitatem
538 620 572 650 et
606 615 837 663 frugalitatem
866 615 1106 650 desiderantes
1134 620 1203 650 tam
1230 616 1358 650 iniusto
1386 616 1419 649 in
1450 615 1606 649 Graecos
1643 615 1723 648 odio
1759 615 1957 650 inflammati
1991 621 2124 661 essent,

155 685 193 717 ut
220 682 321 716 etiam
350 685 442 716 artes
470 685 504 716 et
530 680 665 725 literas,
696 680 822 726 quippe
850 691 869 715 a
898 680 1041 716 Graecis
1069 680 1239 725 inventas,
1269 684 1477 725 respuerent
1506 684 1539 714 et
1567 683 1839 714 contemnerent.
1894 679 2011 725 ltaque
2041 692 2125 716 ora-

155 747 250 778 tores
277 743 369 789 apud
395 743 561 789 populum
588 743 695 778 verba
723 742 847 777 facturi
874 743 908 777 id
935 744 1083 777 maxime
1113 743 1294 787 curabant,
1330 746 1366 776 ut
1393 743 1537 787 primum
1567 752 1668 787 quam
1697 743 1870 776 minimum
1900 742 2031 776 artificii
2060 743 2126 777 ali-

158 810 274 854 cuius,
312 808 439 843 deinde
467 808 595 843 nullam
624 809 835 844 Graecarum
865 809 984 843 artium
1014 808 1301 855 significationem
1331 808 1462 842 darent.
1519 808 1573 842 Sic
1602 808 1770 842 Antonius
1800 812 1834 842 et
1863 808 2029 854 Crassus,
2065 808 2125 843 Ci-

157 882 288 909 cerone
316 882 427 919 puero
454 871 677 919 eloquentiae
704 871 807 908 laude
836 871 1033 919 clarissimi,
1069 882 1273 919 quamquam
1303 870 1447 907 Graecis
1483 869 1591 906 literis
1628 870 1745 905 imbuti
1779 876 1891 918 erant,
1928 876 2044 907 tamen
2080 872 2125 908 ita

157 948 196 972 se
223 942 370 982 uterque
399 937 595 983 graviorem
623 937 700 970 fore
728 937 914 981 censebat,
944 938 971 971 si
1001 937 1089 971 alter
1116 940 1362 979 contemnere,
1393 936 1480 969 alter
1508 946 1552 969 ne
1581 946 1687 969 nosse
1717 935 1855 979 quidem
1885 937 2039 971 Graecos
2066 938 2124 970 vi-

158 1002 309 1038 deretur.
345 1001 414 1037 Cic.
445 1001 488 1038 de
517 1000 611 1038 Orat.
641 1000 679 1048 ΙΙ,
712 999 799 1045 1*].
855 1001 1062 1037 Praesertim
1091 1005 1182 1037 artes
1210 1001 1245 1036 in
1272 998 1393 1048 figuris
1421 999 1595 1047 fingendis
1624 1004 1817 1047 versantes,
1848 1011 1937 1047 quae
1965 1000 2123 1037 luxuriae

155 1066 381 1100 instrumenta
407 1065 628 1112 viderentur,
665 1074 735 1099 non
764 1064 876 1099 solum
903 1065 1030 1112 volgus
1059 1065 1100 1099 ab
1130 1065 1221 1098 omni
1250 1064 1426 1110 elegantia
1455 1068 1624 1097 remotum
1652 1064 1884 1109 improbabat,
1925 1064 1989 1098 sed
2023 1066 2125 1098 etiam

156 1131 220 1164 viri
248 1131 359 1164 omnis
387 1131 529 1175 generis
556 1130 664 1164 literis
692 1130 810 1163 imbuti
837 1131 974 1164 nimiam
1002 1141 1119 1163 earum
1150 1130 1422 1163 aestimationem
1449 1129 1765 1172 reprehendebant.
1820 1129 2022 1163 Marcellum
2044 1130 2125 1163 Plu-

156 1191 278 1229 tarcho
306 1196 394 1245 teste
421 1192 705 1239 vituperaverunt
730 1196 868 1239 patres,
904 1192 1049 1239 primum
1083 1191 1176 1239 quod
1213 1190 1373 1228 invidiam
1410 1190 1579 1227 conflaret
1614 1190 1709 1237 urbi,
1749 1191 1783 1226 in
1821 1202 1887 1238 qua
1921 1201 1989 1227 non
2018 1191 2123 1229 modo

156 1257 315 1292 homines
344 1257 408 1292 sed
436 1258 537 1291 etiam
565 1257 652 1291 deos
679 1257 773 1291 bello
813 1261 933 1302 captos
969 1267 1033 1301 per
1068 1256 1275 1301 triumphum
1311 1256 1469 1300 duceret,
1509 1256 1635 1289 deinde
1672 1256 1765 1299 quod
1806 1256 1972 1300 populum
2009 1262 2123 1291 aratro

158 1321 322 1369 subigere
350 1325 477 1356 terram
506 1326 540 1356 et
566 1320 681 1369 gladio
709 1332 783 1356 rem
810 1332 939 1369 gerere
969 1320 1171 1367 adsuetum,
1212 1319 1254 1355 ab
1293 1320 1386 1355 omni
1423 1320 1513 1354 vitae
1550 1319 1722 1366 elegantia
1759 1324 1792 1354 et
1829 1319 1913 1354 luxu
1939 1325 2123 1367 remotum,

157 1386 370 1421 urbanorum
398 1384 573 1420 hominum
601 1395 698 1420 more
727 1386 770 1421 de
799 1379 929 1421 artibus
958 1385 1213 1430 artificibusque
1250 1384 1385 1431 garrire
1422 1388 1455 1419 et
1490 1384 1671 1418 maximam
1707 1384 1774 1418 diei
1802 1388 1935 1429 partem
1971 1385 2005 1418 in
2043 1385 2124 1420 artis

159 1450 323 1496 operibus
351 1454 385 1484 et
411 1449 583 1485 intuendis
612 1454 647 1485 et
673 1450 881 1492 admirandis
910 1460 1118 1486 consumere
1146 1447 1389 1484 adsuefaceret
1401 1446 1474 1492 Η).
1524 1448 1664 1483 Catonis
1693 1458 1781 1493 quae
1808 1447 1913 1483 fuerit
1940 1450 2123 1495 sententia,

387 1738 434 1762 ‚in
456 1738 527 1762 Rom
550 1738 629 1763 nieht
648 1744 704 1763 zm·
727 1739 793 1763 Zeit
814 1739 864 1763 des
885 1738 1059 1775 Entsteltens
1079 1738 1180 1762 seiner
1201 1736 1371 1769 politi-§chen
1394 1736 1503 1766 Mactat,
1534 1741 1577 1760 πο
1600 1736 1643 1759 ste
1665 1735 1735 1759 nocti
1759 1736 1809 1759 mit
1830 1736 1885 1760 den
1908 1737 2028 1768 flbriqen
2052 1737 2123 1761 Ein-

386 1787 575 1820 'ricmuuqen
598 1791 635 1813 im
659 1791 758 1814 staate
780 1792 840 1814 und
862 1792 891 1813 in
913 1792 966 1814 der
983 1790 1114 1820 Reliyion
1138 1791 1217 1819 inniq
1239 1790 1316 1813 mitte
1339 1788 1527 1812 verwachsen
1550 1788 1611 1810 und
1633 1787 1809 1817 selbstandiq
1832 1789 1971 1817 qedeihen
1995 1790 2115 1813 konnen.

405 1840 454 1865 Ste
474 1840 547 1872 fanti
568 1840 648 1865 nicht
666 1840 797 1873 Einqanq
829 1840 919 1866 durch
952 1841 999 1865 ein
1031 1840 1152 1873 tieferex
1182 1840 1243 1864 und
1272 1837 1483 1864 innerlicheres
1516 1836 1693 1868 Bedurfintss
1727 1838 1778 1862 des
1806 1837 1995 1863 Volkslebens.
2049 1839 2119 1863 Rom

403 1893 491 1918 stand
511 1894 619 1918 beu-etta
640 1894 696 1925 aur
713 1894 767 1918 der
788 1894 867 1918 1161oe
888 1895 988 1918 seiner
1008 1893 1119 1923 Μαι-Μ,
1152 1893 1212 1917 und
1234 1893 1285 1916 mit
1306 1891 1459 1916 dereelben
1480 1891 1541 1914 und
1563 1891 1618 1913 den
1641 1891 1702 1914 siclt
1724 1891 1789 1915 bald
1811 1892 1858 1914 ins
1884 1890 2116 1916 Unermeesliche

404 1944 580 1968 melurenden
600 1945 824 1969 Reichtlnumern
847 1945 995 1975 beqannen
1017 1944 1125 1968 ber-eim
1146 1944 1192 1967 die
1214 1943 1387 1973 etrenqeren
1409 1942 1511 1965 Ranae
1533 1941 1587 1964 der
1611 1940 1691 1970 Siue,
1714 1942 1768 1965 der
1789 1941 1932 1972 Reliyion,
1955 1942 2006 1966 des
2021 1942 2119 1965 Staats

404 1996 466 2020 sich
487 2003 523 2020 zu
546 1996 671 2021 loe-kern.
715 1997 769 2021 Die
791 1997 886 2021 Kunst
906 1997 989 2021 sollte
1011 1996 1072 2021 also
1094 1997 1157 2020 hier
1178 2002 1232 2020 vor
1253 1995 1344 2020 ,ulem
1375 1995 1429 2018 der
1457 1993 1699 2024 Verherrltchnny
1721 1994 1773 2017 der
1795 1994 1900 2023 Μαι-Μ,
1923 1995 1986 2018 dem
2011 1994 2119 2018 Glunze

405 2047 465 2071 und
487 2048 549 2072 dem
571 2048 674 2073 Luxus
695 2048 809 2072 dienen.
853 2047 922 2072 Man
944 2048 1029 2072 nahm
1051 2048 1093 2072 sie
1116 2047 1172 2079 auf
1189 2046 1234 2071 als
1249 2047 1333 2070 einen
1347 2044 1494 2074 Schmuck,
1516 2044 1657 2067 znmichst
1678 2049 1759 2074 qauz,
1782 2044 1838 2068 wie
1860 2051 1925 2068 man
1948 2046 1991 2069 sie
2013 2046 2041 2069 in
2065 2046 2119 2069 cler

404 2100 526 2124 Fremde
547 2100 636 2132 fand;
663 2102 698 2131 ja
729 2101 766 2125 da
789 2100 947 2125 Seltenheit
967 2101 1026 2125 und
1048 2101 1095 2124 ein
1117 2101 1237 2124 theurer
1259 2099 1347 2123 Preis
1370 2099 1425 2122 den
1453 2097 1553 2121 Werth
1576 2097 1657 2120 eines
1678 2096 1870 2121 Kunstwerlss
1892 2099 1920 2121 in
1944 2098 1997 2121 den
2020 2099 2117 2128 Auqen

403 2150 457 2174 der
478 2150 584 2175 Homer
605 2156 642 2175 zu
664 2151 788 2175 erhohen
809 2151 916 2181 schiera,
938 2156 970 2175 so
992 2150 1091 2174 mente
1113 2155 1178 2174 man
1201 2150 1281 2174 mehr
1303 2149 1350 2173 die
1367 2148 1471 2172 werke
1492 2147 1634 2178 fruherer
1656 2145 1701 2170 als
1723 2147 1795 2170 noch
1817 2146 1952 2171 lebender
1968 2148 2118 2172 Kanstler.

344 2230 370 2263 *)
404 2231 511 2257 Cicero
522 2232 683 2257 Antonium
702 2232 776 2257 haec
794 2232 946 2257 dicentem
971 2231 1054 2256 sac-it:
1078 2234 1169 2262 Atque
1191 2234 1267 2256 idem
1289 2238 1339 2262 eqo
1362 2231 1537 2255 existumavi
1559 2230 1680 2259 pecudis
1702 2235 1775 2257 esse,
1798 2236 1854 2253 non
1876 2232 2007 2259 hominis,
2031 2238 2118 2260 quum

407 2284 503 2310 tantas
523 2290 574 2310 res
597 2284 703 2310 Graeci
723 2283 920 2317 susciperent,
942 2283 1161 2315 profiterentur,
1183 2283 1317 2315 ayerent,
1339 2287 1460 2313 seseque
1483 2281 1511 2306 et
1532 2278 1651 2307 videndi
1672 2285 1722 2304 ree
1744 2281 1975 2311 amatr-issimus,
1998 2283 2026 2307 et
2048 2284 2121 2308 bene

406 2338 538 2367 vivendi,
570 2338 597 2361 e!
619 2338 733 2367 copiose
754 2337 869 2361 dicendi
890 2336 1031 2360 rationem
1052 2336 1213 2359 hominibus
1235 2336 1358 2359 daturos
1379 2336 1600 2369 pollicerentur,
1625 2345 1683 2363 non
1705 2338 1858 2361 admovere
1881 2342 1981 2360 aurem
1995 2354 2001 2365 ,
2035 2337 2063 2359 et
2094 2336 2121 2358 εἰ

404 2389 501 2421 palam
523 2389 626 2414 audire
648 2395 697 2413 eos
718 2394 775 2413 non
798 2388 932 2418 auderes,
954 2393 991 2412 ne
1012 2387 1160 2412 minueres
1182 2387 1260 2418 apud
1281 2387 1345 2411 tuos
1368 2389 1446 2413 cives
1469 2390 1671 2416 auctoritatem
1695 2391 1782 2420 tuam,
1804 2387 2052 2413 subauscultando
2076 2387 2120 2412 ta-

404 2446 469 2465 men
491 2437 629 2471 excipere
650 2447 748 2465 vocem
769 2446 887 2467 eorum,
910 2440 938 2464 et
957 2439 1075 2470 procul,
1098 2439 1165 2469 quid
1186 2439 1356 2467 narrarent,
1379 2441 1536 2465 attendere.
1582 2442 1681 2472 Itaque
1704 2442 1779 2473 feci,
1804 2440 1924 2469 Catule,
1947 2441 1975 2463 et
1996 2440 2121 2463 istorum

405 2492 530 2516 omnium
551 2492 713 2516 summatim
735 2497 840 2516 causas
862 2491 890 2515 et
911 2496 1019 2523 yenera
1039 2490 1105 2521 ipsa
1126 2490 1248 2522 qustavt.
1292 2487 1329 2514 de
1355 2488 1434 2515 Orat.
1458 2489 1489 2520 ΙΙ,
1512 2497 1538 2517 c.
1565 2492 1610 2518 36.

324 2572 370 2604 ’*)
404 2568 592 2607 Μάρκελλον
614 2569 640 2597 δ’
662 2566 808 2609 ᾐτιῶντο,
837 2570 961 2608 πρῶτον
991 2569 1058 2607 μὲν,
1088 2567 1129 2602 ὧς
1158 2568 1336 2607 ἐπίφθονον
1357 2570 1512 2599 ποιοῦντα
1533 2570 1588 2609 τὴν
1610 2571 1719 2610 πόλιν7
1751 2570 1788 2600 οὐ
1814 2570 1911 2609 μόνον
1935 2568 2120 2607 ἀνθρώπων,

405 2618 486 2651 ἀλλὰ
508 2631 561 2651 και
581 2619 666 2652 θεῶν
689 2618 891 2661 αἰχμαλώτων
914 2618 1070 2662 ἀγομένων
1091 2618 1122 2651 ἐν
1144 2617 1220 2661 αὐτῇ
1251 2620 1303 2651 καὶ
1335 2621 1590 2663 πομπευομένων
1613 2622 1721 2655 ἔπειτα
1753 2619 1802 2655 ὅτι
1830 2621 1886 2654 τὸν
1917 2619 2019 2662 δῆμον
2041 2619 2119 2650 εἰθι-

406 2672 518 2711 σμένον
538 2673 690 2711 πολεμεῖν
710 2670 728 2710 ἢ
753 2677 913 2710 γεωργεῖν,
934 2672 1053 2711 τρυφῆς
1075 2671 1110 2701 δὲ
1131 2683 1183 2701 και
1205 2672 1364 2711 ῥαθυμίας,
1387 2670 1521 2712 ἄπειρον
1545 2671 1635 2713 ὄντα
1666 2678 1718 2704 καὶ
1740 2675 1819 2704 κατὰ
1841 2674 1897 2705 τὸν
1920 2672 2123 2710 Εὐριπίδειον

400 2721 563 2764 “Ηρακλέα

933 2765 1066 2806 φαῦλον,
1089 2761 1246 2805 ἄκομψον,
1267 2763 1304 2795 τὰ
1329 2764 1437 2805 μέγιστ’
1460 2765 1590 2806 ἀγαθὸν

406 2816 524 2856 σχολῆς
554 2816 702 2856 ἐνέπλησε
732 2817 783 2846 καὶ
809 2816 936 2855 λαλιᾶς,
965 2818 1039 2854 περὶ
1066 2816 1179 2855 τεχνῶν
1216 2827 1269 2846 και
1299 2817 1441 2857 τεχνιτῶν
1471 2817 1697 2858 ἁστείζόμενον
1727 2821 1778 2848 καὶ
1808 2816 2009 2856 διατρίβοντα
2039 2825 2121 2854 προς

405 2866 505 2909 τούτῳ
528 2867 610 2899 πολὺ
635 2868 729 2909 μέρος
750 2868 804 2909 τῆς
826 2867 953 2909 ἡμέρας.
996 2870 1069 2898 Plut.
1093 2870 1222 2898 Marcell
1247 2878 1272 2898 c.
1298 2873 1332 2898 21
