2362 3101
1014 164 1262 208 —lx—

162 277 372 324 Vulcanum,
409 277 445 313 in
480 286 552 322 quo
586 280 698 314 stante
731 280 767 313 et
793 276 918 312 vestito
951 276 1074 312 leviter
1108 281 1274 323 appareat
1300 276 1504 312 claudicatio
1532 287 1602 312 non
1630 276 1794 313 deformis
1807 275 1861 320 Ὅ.
1917 277 1960 312 de
1986 277 2117 313 Natum

161 342 266 384 Deor.
294 341 324 387 1,
352 340 411 375 30.
476 340 569 380 Inter
603 341 754 387 picturas
784 340 925 388 Jalysus
958 340 1163 388 Protogenis
1175 339 1239 386 ²⁴²]
1274 345 1309 377 et
1345 339 1417 377 Coa
1449 339 1567 376 Venus
1601 340 1734 387 Apellis
1769 341 1917 377 maxime
1953 340 2116 377 celebra-

161 403 326 448 tur***).
381 404 476 440 Orat.
504 415 535 439 c.
563 403 598 439 2.

313 532 410 573 Quae
439 542 544 577 quum
570 533 616 567 ita
644 533 726 577 sint,
762 531 884 566 Cicero
912 531 1065 577 prudens
1094 536 1128 566 et
1154 531 1352 578 intelligens
1391 532 1473 566 artis
1508 542 1652 576 operum
1690 533 1902 567 existimator
1935 531 2116 566 habendus

161 599 223 633 est.
278 594 348 630 Cur
375 598 488 631 autem
515 595 549 630 in
568 595 724 632 Verrinis
753 594 835 631 artis
863 605 971 641 opera
999 604 1037 631 se
1066 595 1164 641 parvi
1191 595 1373 631 aestimare
1402 594 1624 642 simulaverit,
1653 594 1718 631 hae
1745 596 1959 643 potissimum
1987 606 2115 632 causae

161 660 268 695 fuisse
296 660 377 694 mihi
402 659 573 694 videntur.

310 788 441 821 Verres
469 788 528 832 qui
554 792 650 821 esset
676 797 793 820 rerum
822 796 912 831 quae
942 786 984 820 ad
1012 790 1104 820 artes
1144 790 1303 832 spectant
1340 786 1583 832 cupidissimus
1621 786 1811 833 haberique
1845 786 1952 821 vellet
1987 785 2116 821 intelli-

159 862 265 900 gens,
300 851 335 888 in
363 850 611 898 conquirendis
639 852 766 898 signis,
801 850 944 897 tabulis,
985 851 1096 886 omnis
1133 851 1265 886 artificii
1293 851 1424 887 deliciis
1451 851 1589 886 modum
1618 856 1823 887 excesserat
1849 862 1997 887 omnem.
2051 852 2118 886 Per

159 916 342 950 triennium
370 915 404 950 in
432 914 556 959 Sicilia,
586 923 690 960 quum
718 914 949 949 successisset
976 913 1013 948 C.
1036 913 1217 949 Sacerdoti
1243 915 1405 961 praetori,
1433 918 1526 950 tanta
1554 915 1693 950 avaritia
1722 918 1756 950 et
1782 912 1922 950 libidine
1950 915 1982 949 in
2012 914 2115 951 Sicu-

159 979 213 1016 los
240 984 421 1027 grassatus
449 983 533 1025 erat,
561 983 599 1014 ut
624 979 680 1014 vel
707 979 806 1014 minis
833 979 890 1014 vel
917 978 1040 1014 fraude
1067 989 1138 1014 non
1165 979 1297 1024 privata
1325 979 1436 1014 solum
1464 979 1528 1015 sed
1556 980 1655 1014 etiam
1683 976 1820 1025 publica
1840 977 2118 1024 bona'diriperet

160 1043 373 1089 delubraque
402 1043 516 1078 omnia
543 1043 768 1079 sanctissimis
805 1042 1034 1090 religionibus
1072 1042 1279 1079 consecrata
1313 1042 1592 1089 depecularetur.
1650 1043 1764 1090 Atque
1803 1054 1907 1089 quum
1939 1043 2048 1078 maior
2082 1043 2117 1078 in

161 1119 204 1142 eo
244 1112 339 1142 esset
376 1107 544 1152 cupiditas
579 1117 679 1151 quam
722 1107 967 1152 intelligentia,
1006 1107 1041 1140 in
1080 1107 1219 1151 praedis
1260 1112 1362 1151 atque
1397 1106 1495 1141 furtis
1532 1108 1604 1141 suis
1643 1107 1833 1153 Tlepolemi
1871 1111 1906 1141 et
1942 1107 2116 1151 Hieronis,

160 1171 301 1207 fratrum
329 1171 471 1207 istorum
494 1170 742 1218 Cibyratarum,
772 1181 881 1217 opera
909 1170 1125 1216 consilioque
1153 1181 1237 1206 usus
1266 1175 1330 1217 est,
1359 1171 1417 1217 qui
1445 1170 1649 1217 simulatque
1676 1172 1710 1206 in
1740 1170 1904 1217 oppidum
1933 1170 2117 1217 quodpiam

159 1240 343 1282 venerant,
372 1236 481 1271 instar
509 1246 630 1271 canum
658 1235 909 1281 venaticarum,
938 1239 975 1270 ut.
1000 1235 1251 1282 investigarent
1278 1239 1312 1270 et
1338 1239 1643 1281 perscrutarentur
1671 1235 1803 1281 omnia,
1840 1235 2116 1270 immittebantur.

160 1300 296 1335 Verrin.
324 1300 378 1344 lv,
409 1310 437 1334 c.
470 1299 527 1333 13.
583 1300 655 1334 Hac
682 1300 816 1334 ratione
845 1299 927 1333 nihil
954 1300 1037 1345 iste,
1075 1299 1168 1345 quod
1202 1298 1332 1334 affabre
1361 1303 1395 1333 et
1422 1300 1561 1345 antiquo
1595 1299 1737 1334 artificio
1774 1299 1900 1334 sactum
1927 1298 2116 1345 videretur,

160 1375 275 1411 neque
303 1363 430 1411 publici
457 1374 572 1411 neque
601 1364 734 1410 privati,
763 1373 877 1409 neque
905 1362 1041 1409 profani
1069 1374 1183 1409 neque
1211 1364 1302 1400 sacri
1328 1368 1398 1399 tota
1425 1364 1460 1399 in
1486 1364 1598 1400 insula
1630 1364 1768 1410 reliquit
1780 1367 1835 1408 †).
1901 1363 2004 1399 Cuius
2038 1363 2117 1398 facti

163 1429 324 1464 atrocitas
351 1439 421 1463 non
450 1429 560 1475 potuit
595 1428 677 1474 quin
705 1438 749 1463 eo
778 1428 943 1463 maiorem
977 1427 1248 1475 indignationem
1286 1432 1459 1474 moveret,
1498 1439 1567 1475 quo
1604 1429 1732 1464 certius
1768 1428 1832 1464 sibi
1869 1431 2119 1474 persuaserunt

163 1493 297 1528 iudices
336 1492 447 1528 studia
487 1493 568 1538 ista,
608 1503 653 1527 ex
688 1493 813 1538 quibus
841 1493 929 1527 haec
956 1492 1084 1538 flagitia
1112 1496 1187 1527 orta
1215 1496 1334 1527 essent
1360 1491 1525 1539 nefanda,
1564 1492 1653 1527 levia
1681 1503 1762 1528 esse
1791 1497 1826 1527 et
1852 1491 2115 1527 contemnenda.

344 1775 372 1809 ⁸)
406 1774 584 1802 Alcamenes
607 1772 774 1801 artificibus
797 1774 938 1807 summis,
968 1773 1090 1802 Phidiae
1114 1776 1145 1802 et
1168 1774 1320 1810 Polycleto
1343 1775 1567 1810 aequiparatur.
1611 1774 1711 1807 Quint.
1733 1774 1790 1805 xit,
1816 1776 1861 1801 10.
1904 1773 2029 1810 Dionys.
2052 1774 2116 1802 Hal.

404 1825 441 1853 de
465 1825 620 1853 Demosth.
643 1832 741 1853 acum.
764 1824 794 1852 T.
817 1825 863 1853 VI.
886 1834 915 1861 p.
941 1826 1027 1854 1108.
1063 1841 1101 1845 -
1141 1826 1182 1854 De
1207 1825 1339 1854 Vulcano
1363 1826 1498 1854 Valerius
1526 1826 1643 1854 Maxim.
1667 1826 1744 1859 Vlll,
1774 1827 1819 1853 11.
1872 1829 1962 1854 Tenet
1989 1830 2117 1854 vinnm

403 1880 532 1904 Athenas
560 1879 704 1904 vulcanus
725 1879 889 1904 Alcamenis
911 1881 1042 1904 manibus
1063 1880 1234 1911 fabricatus.
1277 1881 1403 1905 Praeter
1426 1881 1525 1905 cetera
1554 1881 1629 1904 enim
1658 1880 1889 1911 perfectissimae
1918 1881 1994 1905 artis
2025 1882 2053 1905 in
2084 1886 2116 1905 eo

404 1932 630 1962 praecurrentia
652 1931 760 1956 imitata
782 1931 866 1955 etiam
889 1931 961 1955 illud
982 1932 1135 1962 mirantur,
1166 1932 1240 1963 quod
1269 1932 1327 1956 stat
1358 1931 1566 1956 dissumulatae
1597 1931 1816 1956 claudicationis
1836 1933 1888 1956 sut>
1910 1933 1991 1956 vecte
2014 1932 2117 1957 leviter

404 1983 555 2014 vestimani
577 1983 822 2013 repraesentans,
852 1983 885 2007 ut
905 1988 962 2007 non
985 1984 1127 2014 tamquam
1149 1972 1357 2015 exprobratum
1378 1983 1495 2012 vitium,
1529 1983 1570 2007 ita
1592 1983 1686 2008 tamen
1709 1983 1817 2008 certam
1837 1984 2043 2014 propriamque
2065 1989 2116 2007 no-

407 2034 463 2059 tam
485 2035 590 2059 decore
612 2035 789 2067 elqntficane.
1090 2017 1094 2023 ³

325 2113 371 2147 *Ἴ
407 2113 477 2140 Plin.
501 2114 534 2140 H.
559 2114 591 2140 N.
614 2113 723 2145 XXXV,
746 2120 772 2140 c.
800 2115 833 2140 10
857 2120 881 2140 s.
907 2115 952 2140 36.
996 2115 1124 2140 Palmam
1145 2116 1229 2140 habet
1248 2115 1412 2140 tabularum
1433 2117 1497 2140 eius
1517 2115 1642 2148 Julysus,
1666 2116 1713 2146 qui
1735 2116 1780 2140 eat
1799 2116 1907 2141 Romae
1929 2129 1965 2133 —
1988 2116 2115 2148 Propter

405 2168 481 2193 hunc
501 2167 630 2200 duty-mm
651 2173 688 2192 ue
710 2167 855 2192 cremaret
875 2167 999 2193 tabulam
1019 2167 1186 2193 Demetrius
1215 2174 1286 2198 rex,
1318 2174 1403 2199 quum
1425 2170 1459 2193 ab
1481 2176 1517 2194 ea
1537 2169 1623 2200 parte
1643 2168 1707 2193 sola
1727 2169 1827 2199 posset
1846 2168 1975 2193 Rhodum
1997 2175 2113 2199 capere,

408 2225 466 2244 non
489 2220 634 2243 incendit:
655 2219 877 2248 parcentemque
898 2218 1032 2248 picturae
1053 2218 1127 2249 rupit
1147 2220 1262 2243 occasio
1283 2220 1432 2243 victoriae.

307 2299 372 2334 ”NJ
405 2301 509 2328 Venus
531 2299 709 2335 primarium
731 2297 840 2333 Apellis
863 2305 941 2334 opus
965 2298 1058 2326 fuisse
1081 2298 1193 2326 dicitur
1213 2299 1349 2333 Propert.
1373 2299 1418 2326 111.
1443 2301 1468 2331 7,
1494 2301 1538 2325 11.
1583 2299 1712 2333 Antipat.
1735 2298 1796 2325 Sid.
1820 2298 1937 2325 Anthol.
1960 2299 1992 2331 ll,
2015 2307 2044 2333 p.
2067 2301 2114 2326 15.

408 2350 516 2378 Strabo
538 2350 609 2378 XlV.
633 2358 662 2385 p.
687 2351 753 2377 657.

346 2432 376 2467 ἦ)
407 2432 524 2460 Verrin.
548 2432 591 2465 lV,
617 2433 642 2459 1.
685 2434 762 2466 Neyo
790 2435 819 2458 in
843 2433 943 2459 Stcilia
965 2433 1022 2458 tota
1045 2433 1101 2458 tam
1130 2433 1266 2464 locupleti
1274 2450 1282 2463 ,
1315 2433 1371 2458 tam
1393 2433 1492 2458 vetere
1514 2434 1667 2463 provincia
1690 2446 1727 2450 —
1749 2433 1841 2458 ullum
1863 2434 2033 2466 argenteum
2054 2441 2116 2465 vas,

406 2486 497 2512 ullum
518 2485 735 2512 Corinthtacum
757 2486 809 2511 aut
827 2486 977 2511 Deliacum
997 2485 1108 2517 fuisse,
1140 2484 1227 2510 ullam
1256 2492 1393 2517 qemmam
1413 2485 1465 2510 aut
1485 2486 1689 2517 maram-itam,
1724 2487 1877 2516 quidquam
1911 2494 1949 2511 ez
1971 2493 2044 2511 auro
2067 2488 2118 2511 aut

407 2538 492 2561 ebore
512 2537 630 2568 radunt,
652 2538 765 2567 stynum
786 2536 892 2566 ullum,
914 2542 1033 2561 aeneum
1055 2541 1262 2565 marmoreum,
1286 2537 1458 2567 eburneum,
1481 2542 1553 2567 nepo
1575 2537 1664 2562 ullam
1684 2537 1830 2568 picturam
1853 2543 1944 2568 neque
1966 2538 1996 2561 in
2020 2537 2116 2562 tabula

408 2594 499 2619 neque
521 2587 650 2613 textilem
671 2587 774 2620 fuisse,
797 2588 864 2619 quin
887 2587 1082 2620 conquest-eru,
1104 2588 1275 2620 inspexerit,
1299 2588 1372 2619 quod
1392 2575 1528 2620 placitum
1550 2589 1596 2619 sit,
1621 2589 1782 2614 abstulerit.

528 2638 612 2665 Verr.
635 2638 654 2671 l,
677 2644 743 2672 cap.
769 2638 814 2664 15.
857 2639 947 2664 Deum
969 2640 1091 2670 denique
1111 2639 1220 2664 nullum
1243 2640 1365 2670 Siculis,
1395 2640 1443 2670 qut
1465 2641 1492 2664 et
1520 2640 1618 2671 paullo
1648 2642 1741 2672 mayie
1762 2641 1871 2673 affabre
1893 2642 1977 2671 atque
2000 2641 2117 2671 antiquo

406 2691 530 2724 artificio
550 2692 647 2724 factus
669 2691 829 2721 videretur,
851 2690 977 2723 reliquit.

529 2742 645 2770 Verrin.
669 2741 712 2774 ΠΙ,
739 2742 763 2768 4.
809 2742 904 2773 Quia?
924 2744 976 2768 hoc
997 2744 1128 2772 cuiquam
1148 2743 1302 2775 ferendum
1324 2750 1388 2768 esee
1411 2745 1498 2775 putas
1521 2757 1558 2761 —
1577 2745 1696 2770 Verrem
1718 2751 1782 2769 ene
1804 2746 1851 2774 qui
1873 2751 1936 2769 cum
1959 2744 1990 2770 L.
2024 2745 2117 2768 Mum-

407 2797 461 2820 mio
475 2796 589 2829 certet,
618 2795 650 2819 ut
670 2794 771 2826 plures
792 2795 838 2819 hic
858 2795 1002 2820 sociorum
1023 2795 1124 2824 urbes,
1154 2800 1237 2824 quam
1259 2795 1307 2820 ille
1328 2795 1451 2820 hostium
1472 2796 1621 2827 expilasse
1642 2795 1800 2822 videatur?
1832 2796 1933 2828 pluree
1962 2796 2008 2821 Ιιίε
2037 2795 2117 2820 solue

407 2831 493 2871 villae
511 2847 689 2871 ornamentis
709 2847 845 2878 fanorum
863 2852 945 2876 quam
968 2845 1016 2870 ille
1037 2846 1109 2877 rana
1130 2845 1233 2877 spoliis
1253 2846 1377 2872 hostium
1399 2852 1531 2872 ornasse.

1813 2896 1834 2930 2
