2362 3101
1111 146 1356 182 -1v„-

249 269 289 294 se
318 257 415 305 lingit
440 258 497 293 vel
524 262 607 293 tunc
633 258 780 303 primum
809 258 984 293 didicisse.
1049 259 1224 294 Mentione
1257 258 1347 293 sacta
1375 258 1573 304 Praxitelis,
1610 258 1733 292 summi
1759 257 1848 293 illius
1876 258 2030 303 artificis,
2068 257 2098 292 N
2107 258 2212 293 imi-

248 332 359 367 rum,
395 321 522 367 inquit,
562 320 704 356 didici
733 322 866 356 etiam
903 321 997 355 dum
1034 322 1074 355 in
1111 322 1243 356 istum
1272 322 1457 367 inquiro
1486 320 1717 355 artificum
1745 323 1936 356 nomina.
1991 322 2211 368 verrin.1v,

248 396 278 420 c.
308 384 329 420 2
360 389 380 427 §⁸
410 385 445 430 4,
474 389 509 420 et
536 390 807 421 commemorato
835 384 987 419 Hercule
1015 396 1061 420 ex
1089 395 1171 420 aere
1199 386 1346 432 egregie
1373 384 1464 420 facto
1493 384 1603 419 addit:
1640 385 1679 419 is
1708 384 1954 419 dicebatur
1982 396 2084 420 esse
2112 385 2212 432 My-

248 450 376 483 ronis
411 453 456 483 ut
489 450 655 494 opinor
687 459 715 482 c.
746 448 767 481 3
803 452 823 488 §
854 447 888 480 5.
942 449 1087 483 Tantum
1116 449 1229 492 abest,
1268 453 1303 482 ut
1338 449 1543 483 nobilissimi
1572 449 1784 482 Graecorum
1813 448 1960 482 artifices
1988 449 2090 482 laude
2118 449 2213 495 digni

248 512 450 559 videantur,
491 516 527 548 ut
564 511 718 559 gaudeat
754 512 915 547 Verris
950 512 1272 547 aestimatione
1309 512 1577 547 concidisse
1612 511 1721 547 haec
1757 511 2003 557 praeclara
2031 513 2209 548 nomina

250 576 479 611 artificum
510 575 723 621 (Praxitelis,
753 576 922 622 Myronis,
953 575 1154 621 Polycleti),
1184 586 1298 621 quae
1327 577 1403 610 isti
1432 576 1482 610 ad
1511 576 1690 610 coelum
1718 574 1880 612 serant.
1935 587 2009 622 cap.
2038 577 2061 610 6
2101 580 2121 617 §
2155 575 2211 611 12.

250 641 356 683 Quasi
384 651 512 676 nomen
540 640 703 687 Polycleti
731 640 855 674 oblitus
885 640 943 685 sit,
985 640 1120 685 quaerit
1153 651 1197 674 ex
1232 640 1435 675 adstantium
1465 634 1599 686 aliquo:
1656 639 1741 675 Sed
1778 651 1926 675 earum
1961 640 2211 687 artificem,

250 705 403 751 quem‘?
440 705 698 750 quemnam?
732 709 862 738 recte
892 704 1125 738 admones:
1163 704 1445 749 Polycletum
1473 715 1577 740 esse
1606 704 1830 739 dicebant.
1872 714 1901 738 c.
1931 703 1953 738 3
1989 708 2009 745 S
2039 704 2072 739 5.
2128 705 2212 739 Tum

250 780 295 804 ne
331 769 408 814 quis
444 772 540 813 putet
572 768 683 813 ipsum
716 767 817 802 valde
846 768 927 802 artis
967 767 1131 813 operibus
1170 767 1355 812 delectari,
1392 767 1472 802 sacit
1511 767 1658 812 aliquem
1694 767 1983 813 interrogantem:
2026 768 2132 813 quid
2169 773 2213 803 tu

249 830 336 864 ista
364 840 612 877 permagno
641 831 885 865 aestimas?
940 830 1002 864 Cui
1030 831 1238 875 respondet:
1279 841 1365 878 ego
1403 840 1512 864 vero
1551 830 1601 863 ad
1635 840 1770 864 meam
1810 833 2028 865 rationem
2057 842 2212 866 usum-

248 905 331 939 que
370 906 456 929 non
491 896 692 930 aestimo.
738 906 812 939 cap.
844 895 876 930 7.
940 895 1099 940 Denique
1139 896 1220 930 artis
1259 896 1437 929 scientiam
1473 894 1762 929 contemnendam
1801 906 1883 930 esse
1924 895 2059 930 disertis
2092 896 2209 931 verbis

247 958 461 1002 pronuntiat:
490 958 687 992 Tametsi
715 957 798 992 hoc
827 958 984 991 nescio
1013 958 1117 1002 quid
1146 958 1432 1003 nugatorium
1461 957 1659 991 sciebam
1688 959 1772 991 ista
1800 959 2085 1004 intelligere.
2115 959 2207 992 c.14

251 1025 271 1062 §
296 1021 354 1056 33.
403 1021 555 1056 Tandem
590 1023 672 1056 artis
709 1031 854 1067 operum
892 1023 1144 1056 aestimatorem
1174 1022 1319 1066 peritum
1349 1032 1388 1056 se
1418 1032 1499 1056 esse
1529 1026 1650 1067 negat:
1698 1022 1795 1056 Erat
1823 1022 1944 1058 etiam
1974 1023 2212 1057 Stesichori

250 1087 400 1130 poetae
429 1088 567 1119 statua
596 1084 763 1129 senilis,
800 1085 988 1127 incurva,
1026 1094 1114 1118 cum
1142 1083 1269 1129 libro,
1306 1094 1475 1130 summo,
1513 1088 1554 1118 ut
1588 1088 1748 1128 putant,
1784 1084 1971 1119 artificio
2008 1084 2128 1120 facta.
2165 1105 2211 1109 —

248 1147 400 1193 Etiam,
430 1147 546 1193 quod
580 1159 723 1193 paene
752 1148 988 1192 praeterii,
1018 1147 1194 1193 capella
1224 1147 1442 1193 quaedam
1472 1152 1552 1192 est,
1581 1158 1630 1182 ea
1660 1148 1837 1193 quidem
1866 1149 1983 1192 mire,
2012 1154 2054 1183 ut
2083 1150 2213 1183 etiam

249 1221 333 1247 nos
371 1212 445 1258 qui
481 1211 620 1247 rudes
658 1211 812 1247 harum
850 1222 998 1247 rerum
1040 1222 1209 1258 sumus,
1248 1211 1524 1259 intelligere
1561 1212 1807 1258 possimus,
1853 1213 1968 1247 scite
2009 1211 2130 1248 facta
2170 1218 2213 1249 et

248 1279 455 1310 venuste.
509 1276 646 1310 Verrin.
677 1276 714 1320 lt,
746 1280 766 1317 ς
794 1276 855 1310 87.
925 1276 990 1309 Ibi
1023 1280 1092 1310 est
1127 1286 1180 1309 ex
1213 1286 1319 1310 aere
1348 1276 1640 1310 simulacrum
1674 1277 1822 1320 ipsius
1850 1276 2085 1322 Herculis,
2126 1288 2212 1322 quo

248 1348 333 1374 non
362 1337 506 1375 facile
535 1338 725 1374 dixerim
754 1339 994 1385 quidquam
1023 1349 1087 1373 me
1115 1338 1293 1374 vidisse
1322 1338 1559 1384 pulchrius
1587 1359 1636 1363 —
1664 1340 1845 1374 tametsi
1873 1349 1957 1374 non
1985 1344 2068 1375 tam
2096 1340 2212 1376 mul-

247 1407 333 1437 tum
367 1404 406 1437 in
434 1403 536 1437 istis
565 1403 702 1437 rebus
730 1404 971 1448 intellige,
1001 1413 1126 1447 quam
1155 1404 1290 1437 multa
1318 1403 1420 1437 vidi.
1475 1403 1530 1447 lv,
1559 1414 1589 1437 c.
1618 1403 1666 1437 43
1702 1408 1722 1444 ᾗ
1751 1403 1812 1438 94.

400 1528 505 1563 Multa
533 1538 572 1563 se
598 1529 728 1563 vidisse
756 1530 831 1563 inre
860 1529 903 1563 de
931 1539 970 1563 se
998 1529 1201 1573 praedicare
1228 1533 1375 1574 poterat.
1429 1529 1569 1563 Viderat
1604 1540 1674 1563 non
1707 1530 1817 1563 solum
1846 1529 1976 1564 Romae
2014 1535 2048 1564 et
2079 1531 2114 1564 in
2153 1530 2211 1565 Si-

249 1592 337 1636 cilia,
367 1593 431 1627 sed
458 1593 560 1628 etiam
587 1603 652 1638 per
680 1592 884 1638 diuturnam,
914 1604 1015 1638 quam
1043 1603 1107 1637 per
1134 1592 1315 1627 Graeciam
1343 1597 1376 1627 et
1403 1592 1633 1627 nobilissimas
1662 1593 1766 1628 Asiae
1794 1593 1900 1628 urbes
1929 1592 2071 1637 fecerat,
2100 1604 2210 1639 pere-

248 1656 479 1703 grinationem
523 1655 692 1702 permulta
733 1657 814 1691 artis
857 1666 964 1702 opera
1010 1656 1236 1690 maximorum
1272 1655 1437 1690 artificum
1477 1655 1631 1690 manibus
1668 1654 1889 1701 perfecta.*]
1955 1656 2042 1697 Quid
2081 1657 2211 1703 igitur?

250 1720 374 1755 Cicero
418 1721 476 1765 qui
513 1720 624 1765 probe
668 1721 773 1755 sciret
813 1731 933 1755 omnes
978 1724 1071 1754 artes
1114 1730 1203 1765 quae
1245 1719 1288 1754 ad
1326 1719 1569 1754 humanitatem
1606 1721 1781 1765 pertinent
1819 1730 2000 1754 commune
2039 1720 2211 1766 quoddam

445 1994 472 2029 *)
494 1995 571 2023 Ante
595 1996 791 2030 quaesturam
814 2000 900 2021 suam
924 1993 1032 2021 Cicero
1055 1992 1211 2021 biennium
1235 2001 1291 2029 per
1313 1992 1469 2021 Graeciam
1494 1994 1524 2020 et
1547 1993 1645 2020 Asiam
1670 1994 1727 2021 iter
1750 1993 1829 2022 fecit.
1875 1993 2007 2021 Athenas
2030 2001 2124 2029 quum
2147 2002 2207 2022 ve-

496 2047 600 2078 nisset,
624 2046 701 2073 adeo
721 2047 811 2073 huius
830 2046 923 2077 urbis,
948 2053 1038 2080 quarn
1063 2047 1170 2080 postea
1194 2046 1317 2080 saepius
1340 2045 1421 2076 adiit,
1444 2044 1615 2072 commodis
1634 2048 1664 2072 et
1681 2046 1869 2072 ornamentis
1887 2048 1997 2080 captus
2019 2048 2074 2076 est,
2097 2048 2130 2072 ut
2152 2054 2210 2080 per

498 2103 553 2125 sex
572 2103 699 2125 menses
719 2096 762 2124 ibi
784 2098 1088 2125 commemoraretur.
1139 2095 1283 2123 Libenter
1311 2102 1347 2123 se
1373 2094 1474 2122 redire
1497 2095 1526 2121 in
1554 2095 1715 2123 iucundam
1740 2096 1816 2123 itlius
1838 2095 1986 2130 temporis
2020 2097 2207 2129 memoriam,

496 2155 557 2184 quo
578 2149 609 2175 in
632 2148 688 2177 bec
711 2147 950 2176 celebratissima
971 2149 1125 2176 Musarum
1149 2147 1223 2176 sede
1246 2149 1387 2175 versatus
1408 2147 1455 2178 sit,
1474 2147 1608 2174 Athenas
1629 2155 1797 2182 earumque
1820 2149 2018 2174 monumenta
2040 2147 2126 2175 valde
2149 2148 2207 2176 sibi

493 2198 616 2234 placere
638 2198 777 2235 velleque
800 2198 839 2226 ihi
864 2205 933 2226 esse
956 2198 1079 2235 aliquod
1102 2201 1333 2226 monumentum
1356 2198 1411 2229 sui.
1435 2197 1546 2225 iterum
1569 2197 1742 2233 iterumque
1760 2198 1856 2225 Attico
1876 2196 1992 2224 scribit.
2016 2197 2052 2225 cf.
2066 2197 2103 2225 ad
2117 2199 2204 2227 Attic.

494 2250 524 2283 V,
552 2252 596 2278 10.
628 2250 671 2283 Vl,
697 2251 722 2277 1.
776 2250 897 2278 Relictis
919 2250 1043 2278 Athenis
1065 2252 1130 2278 tum
1152 2250 1225 2277 alias
1248 2249 1391 2277 Graeciae
1416 2251 1445 2277 et
1468 2248 1555 2276 Asiae
1579 2248 1691 2284 oppida
1715 2249 1902 2284 peragravit.
1934 2250 1998 2275 tum
2021 2255 2054 2276 se
2077 2250 2205 2277 eontulit

494 2301 648 2332 Rhodum,
678 2301 805 2327 insulam
829 2301 903 2328 artis
926 2301 1073 2335 operibus
1095 2300 1317 2332 abundantem,
1348 2299 1400 2326 ubi
1423 2300 1506 2326 Plinii
1528 2302 1628 2328 aetate
1650 2301 1707 2327 tria
1730 2300 1809 2327 milia
1831 2300 1987 2334 signorum
2010 2303 2202 2334 supererant.

494 2350 564 2379 nin.
588 2351 663 2379 ΗΜ.
684 2352 718 2379 N.
741 2351 864 2384 XXXIV,
887 2358 954 2387 cap.
979 2354 1004 2384 7,
1027 2358 1122 2387 segm.
1139 2353 1185 2378 17.
1214 2351 1246 2378 ln
1269 2350 1326 2378 hac
1347 2350 1440 2386 igitur
1462 2351 1707 2387 peoegrinatiom
1730 2349 1997 2387 praestumisstma-
2015 2351 2091 2377 artis
2110 2358 2206 2386 opera

497 2404 641 2440 cognovit
663 2411 764 2439 neque
786 2405 926 2439 exiguam
949 2411 1020 2431 cum
1042 2403 1078 2431 iis
1101 2403 1332 2432 familiaritatem
1356 2402 1515 2430 contraxit.
1569 2403 1665 2436 Quam
1701 2411 1766 2432 rem
1797 2401 1877 2430 haud
1908 2401 1973 2428 scio
2002 2408 2040 2430 an
2069 2402 2136 2438 ipse
2159 2403 2206 2431 his

494 2454 598 2482 verbis
621 2454 747 2482 indicet:
794 2457 869 2487 outa
889 2457 1073 2482 armen-amini
1094 2457 1255 2488 Rufinus,
1288 2456 1336 2486 qut
1357 2456 1414 2479 iam
1436 2456 1514 2480 cives
1536 2457 1659 2481 Romani
1680 2458 1766 2486 sune,
1800 2461 1914 2479 merere
1935 2454 2026 2484 velle,
2056 2456 2087 2480 ut
2107 2457 2142 2480 ab
2165 2457 2202 2480 tis

495 2514 659 2532 marmorea
687 2508 781 2533 Venus
803 2508 853 2532 illa
875 2502 1054 2539 auferatur?
1097 2508 1171 2537 outa
1194 2507 1377 2536 Tarentinos,
1398 2507 1430 2531 ut
1450 2507 1597 2538 Europam
1619 2509 1648 2531 in
1670 2508 1754 2532 tauro
1777 2506 1916 2535 aruinam,
1939 2506 1971 2530 ut
1993 2506 2137 2537 Satyrum,
2160 2508 2207 2537 qui

495 2559 574 2590 apua
593 2559 660 2584 tuos
680 2560 711 2584 in
733 2559 805 2584 aede
822 2559 905 2584 veste
926 2560 978 2590 est,
1000 2559 1033 2584 nt
1053 2557 1173 2584 cetera?
1195 2558 1263 2589 quta
1285 2557 1485 2589 Hennenses,
1506 2559 1538 2583 ul
1561 2558 1715 2590 Cuptdim's
1736 2559 1858 2590 elymum,
1879 2557 2001 2588 propter
2022 2558 2095 2588 quoa
2116 2563 2205 2583 mmm

494 2611 632 2635 vteumm·
655 2610 817 2642 Theudae?
839 2612 908 2642 quid
929 2610 1065 2640 Cnidios,
1098 2611 1129 2635 ut
1153 2610 1291 2635 Venerem
1313 2609 1527 2634 marmoream?
1550 2611 1630 2640 quta,
1652 2611 1684 2634 ue
1704 2611 1825 2641 piceam,
1849 2607 1945 2633 Coos?
1967 2610 2034 2639 quid
2055 2611 2204 2641 Ephesiae,

493 2663 526 2688 ut
544 2662 767 2688 Alexandrum?
798 2664 867 2694 quid
888 2662 1063 2695 cyna-anae,
1084 2663 1117 2687 u!
1137 2663 1254 2687 Alae-em
1275 2661 1326 2686 uu!
1345 2660 1500 2687 Medeam?
1532 2662 1600 2693 quid
1620 2662 1765 2692 ultorum,
1791 2661 1823 2685 ut
1841 2659 1996 2691 Jalysum?
2027 2662 2095 2692 quid
2116 2662 2203 2687 Ame-

495 2716 628 2745 memes,
650 2715 681 2738 u!
702 2721 740 2739 ex
762 2720 905 2739 marmore
925 2715 1062 2739 Iacchum
1083 2714 1134 2738 aut
1154 2712 1294 2737 Paralum
1315 2713 1422 2743 pictum
1444 2713 1494 2737 aut
1515 2720 1553 2737 ea:
1574 2720 1645 2738 aere
1666 2713 1798 2745 Myronis
1820 2710 1974 2736 buculam?
2016 2712 2142 2745 Lonqum
2164 2714 2209 2738 eet

494 2766 523 2790 et
543 2771 601 2790 non
623 2766 823 2790 necessarium
844 2771 1082 2795 commemorare,
1113 2770 1186 2795 quae
1207 2764 1285 2795 apud
1307 2768 1431 2794 quosque
1452 2765 1574 2789 visenda
1596 2765 1655 2789 sint
1681 2765 1740 2788 tota
1762 2764 1832 2788 Asia
1862 2763 1891 2787 et
1913 2763 2044 2788 Graecia.
2090 2762 2204 2789 Verrin.

494 2815 538 2848 lv,
561 2822 628 2850 cap.
653 2817 700 2842 60.
723 2814 739 2849 S
765 2815 831 2841 135.
