2362 3101
1040 157 1288 197 „jn-

531 269 622 307 Hae
649 268 731 306 tibi
757 272 893 305 erunt
915 272 1061 315 artes3
1085 269 1312 318 pacisque
1339 270 1577 317 imponere
1602 279 1786 317 morem,

529 333 726 368 Parcere
754 332 984 367 subiectis
1012 337 1055 367 et
1082 332 1327 368 debellare
1351 332 1653 378 superbos&

287 461 419 503 Quibus
451 461 559 497 rebus
596 461 722 496 factum
760 464 830 506 est,
868 463 903 494 ut
930 460 1061 495 Rornae
1098 464 1176 496 ante
1211 460 1404 496 secundum
1435 460 1563 497 bellum
1590 460 1754 498 Punicum
1781 461 1863 496 artis
1891 470 2001 507 opem
2026 471 2142 507 neque

185 526 287 563 multa
314 535 430 572 neque
458 525 639 571 praeclara
663 527 854 559 exstarent.
908 523 1095 559 Marcellus
1115 525 1245 569 primus
1263 524 1446 570 Syracusis
1474 525 1581 569 captis
1607 525 1706 571 signa
1734 524 1978 571 pulcherrima,
2003 536 2141 563 summo

184 588 337 635 artificio,
364 599 497 625 summa
525 589 701 624 nobilitate
728 588 870 624 Romam
897 588 1153 634 transportavit.
1192 587 1235 622 cf.
1263 588 1333 623 [jv.
1361 588 1468 635 XXV,
1498 588 1557 623 40.
1590 588 1711 635 XXVI,
1741 588 1800 624 21.
1846 588 1967 636 Polyb.
1993 589 2052 637 lx,
2077 589 2140 632 10.

185 655 307 690 Cicero
335 654 434 688 Verr.
463 653 517 697 IV,
545 663 576 687 c.
605 652 652 687 52
682 657 703 694 §
734 651 817 687 120.
869 652 1026 693 Quorum
1057 652 1184 699 ingens
1217 652 1393 687 admiratio
1406 650 1468 695 *ἢ
1506 664 1610 698 quum
1643 653 1876 689 Romanorum
1909 655 2041 691 animos
2073 665 2140 691 ce·-

184 717 302 765 pisset,
330 716 498 753 effrenata
524 716 588 751 ista
617 715 771 750 civitates
798 714 969 760 spoliandi
996 724 1186 762 earumque
1213 719 1433 750 monumenta
1461 715 1603 751 Romam
1631 716 1833 763 asportandi
1869 716 2038 763 cupiditas
2065 722 2141 754 orta

184 786 246 816 est.
299 781 362 815 Cui
388 780 564 825 cupiditati
590 784 627 813 ut
653 778 850 824 satisfieret,
886 789 955 812 non
982 780 1094 813 solum
1121 779 1243 813 hostes
1272 779 1396 813 devicti
1424 779 1682 824 expilabantur,
1717 781 1780 815 sed
1809 782 1910 815 etiam
1939 783 2025 815 soc-ii
2052 783 2140 817 ami-

185 845 285 891 cique
312 844 540 880 vexabantur.
594 843 760 889 Imprimis
798 842 832 878 in
868 841 1048 878 Graeciam
1085 842 1319 879 Romanorum
1356 842 1461 878 libido
1500 842 1727 889 iniquitasque
1762 846 1923 890 pervasit.
1987 845 2042 883 Ex
2076 846 2141 883 hae

182 913 274 945 terra
302 907 338 942 T.
368 907 406 949 Q.
434 907 665 952 Flamininus,
704 906 762 952 qui
788 915 910 952 regem
937 905 1127 951 Philippum
1156 910 1190 940 et
1215 906 1453 940 Macedoniam
1480 906 1686 953 subegerat,
1724 908 1845 943 artium
1873 919 1981 953 opera
2007 910 2139 954 primus

186 972 388 1018 deportavit,
428 971 500 1007 Liv.
530 970 682 1017 XXXIV,
711 981 740 1005 c.
771 968 829 1005 52.
884 969 1003 1006 Paucis
1030 962 1218 1005 interiectis
1248 970 1345 1006 annis
1373 970 1569 1017 exemplum
1597 970 1687 1008 illlus
1716 973 1826 1009 secuti
1853 977 1933 1009 sunt
1957 972 1995 1010 1...
2020 973 2138 1020 Scipio

183 1035 356 1072 Asiaticus
385 1039 420 1070 et
447 1035 486 1076 O.
515 1034 654 1069 Fulvius
681 1033 854 1080 Nobilior,
888 1043 1035 1079 quorum
1069 1034 1155 1068 alter
1186 1044 1269 1068 vasa
1302 1033 1454 1079 caelata,
1489 1035 1633 1069 triclinIa
1660 1040 1794 1082 aerata,
1830 1041 1948 1073 vestes
1974 1039 2140 1075 Attalicas

183 1101 325 1138 Romam
353 1100 525 1135 transtulit
562 1099 663 1141 (Ptin.
693 1099 777 1134 Hist.
806 1098 847 1133 N.
875 1098 1033 1142 XXXIII,
1062 1109 1091 1133 s.
1120 1098 1180 1133 53.
1217 1098 1389 1144 XXXVII,
1421 1110 1450 1134 s.
1480 1098 1514 1134 6.
1553 1100 1624 1134 Liv.
1652 1101 1811 1146 XXXIX,
1845 1101 1921 1148 6.),
1956 1103 2042 1139 alter
2071 1105 2140 1141 du-

183 1166 302 1199 centas
330 1162 506 1210 octoginta
534 1162 685 1208 quinque
714 1171 844 1197 aeneas
873 1165 907 1197 et
939 1160 1105 1196 ducentas
1132 1161 1269 1208 triginta
1296 1171 1510 1198 marmoreas
1539 1166 1667 1198 statuas
1694 1173 1741 1199 ex
1770 1164 1914 1201 Graecia
1941 1166 2140 1208 avellendos

184 1228 326 1263 curavit.
382 1227 518 1273 (Polyb.
546 1226 659 1272 XXII,
692 1225 748 1261 13.
802 1226 885 1261 Ptin.
914 1226 999 1261 Hist.
1028 1226 1068 1260 N.
1097 1225 1242 1272 XXXV,
1282 1236 1311 1260 c.
1342 1226 1400 1260 10.
1437 1237 1467 1261 s.
1495 1226 1555 1261 36.
1609 1227 1678 1262 Liv.
1707 1227 1867 1274 XXXIX,
1896 1229 1951 1274 5.)
2015 1231 2140 1278 Neque

184 1292 242 1338 qui
268 1295 389 1337 postea
416 1289 627 1327 exercitibus
654 1289 842 1337 praefuere
881 1290 963 1326 satis
1002 1300 1116 1336 aequo
1156 1289 1269 1325 animo
1306 1289 1450 1326 urbibus
1484 1291 1591 1336 captis
1629 1291 1776 1338 relinqui
1812 1299 2034 1332 monumenta
2070 1297 2140 1342 pati

183 1356 339 1403 potuisse
367 1354 539 1390 videntur.
593 1354 679 1388 Nam
706 1358 742 1388 ut
769 1354 918 1388 omittam
948 1353 1009 1389 Cn.
1037 1353 1202 1389 Manlium
1229 1353 1333 1396 (Ptin.
1361 1354 1445 1389 Hist.
1473 1354 1514 1389 N.
1542 1354 1697 1400 XXXIV,
1726 1366 1752 1391 s.
1782 1355 1838 1402 8),
1866 1367 1970 1403 quum
1995 1358 2033 1396 L.
2057 1360 2139 1399 ‚Ao-

183 1420 295 1458 mitius
322 1419 460 1454 Paullus
487 1429 551 1464 per
577 1418 726 1454 triduum
759 1422 883 1464 ageret
917 1417 1139 1463 triumphum,
1176 1419 1307 1463 prmius
1345 1418 1420 1453 dies
1457 1419 1515 1454 va
1550 1418 1692 1454 suffecit
1728 1421 1993 1459 transvehendss
2028 1425 2140 1470 signis

184 1483 375 1529 tabulisque
400 1482 563 1528 captivis,
600 1481 633 1517 in
662 1481 830 1517 ducentos
858 1481 1107 1528 quinquaginta
1134 1491 1259 1518 currus
1287 1482 1452 1528 impositis
1466 1479 1564 1526 *³²⁴5
1629 1482 1729 1519 Haud
1766 1484 1878 1520 minor
1910 1484 1974 1522 fuit
2007 1487 2140 1532 praeda

184 1546 323 1580 Caecilii
350 1546 495 1589 Metelli,
532 1546 628 1579 cuius
657 1546 820 1579 victoriae
849 1545 892 1579 de
920 1545 1210 1590 Pseudophilippo
1238 1549 1437 1588 reportatae
1465 1550 1533 1579 tum
1563 1546 1628 1580 alia
1653 1547 1839 1582 simulacra
1867 1554 2010 1594 accepta
2036 1551 2137 1586 refe..

182 1608 281 1644 rebat
307 1608 426 1654 Roma,
455 1613 525 1643 tum
553 1608 698 1655 egregia
725 1607 800 1643 illas
828 1607 967 1654 Lysippi
995 1611 1123 1643 statuas
1152 1611 1335 1652 equestres
1376 1608 1518 1655 (Vellej.
1536 1608 1668 1644 Patere.
1698 1609 1721 1655 Ι,
1754 1610 1818 1656 11;
1847 1611 1930 1647 Plut.
1947 1612 2051 1648 Alex.
2082 1613 2138 1651 16.

183 1672 305 1707 Cicero
333 1682 396 1717 pro
424 1672 511 1707 Mur.
544 1672 635 1714 14).
689 1672 846 1716 Denique
875 1681 944 1706 non
973 1671 1084 1706 solum
1111 1672 1231 1706 statuis
1259 1671 1323 1706 sed
1351 1673 1451 1707 etiam
1483 1673 1607 1708 tabulis
1645 1674 1742 1718 pictiS
1775 1676 1930 1722 egregiiS
1957 1676 2138 1714 Mummius

182 1735 345 1771 Corintho
383 1740 482 1781 capta
520 1739 555 1771 et
593 1735 709 1771 excisa
742 1735 870 1770 ltaliam
907 1734 1063 1781 replevit.
1118 1734 1201 1770 Plin.
1240 1735 1324 1771 Hist.
1357 1735 1398 1771 N.
1434 1735 1572 1782 XXXV,
1610 1735 1644 1772 8.
1699 1737 1822 1774 Strabo
1857 1739 1948 1787 VIII,
1988 1751 2021 1787 p.
2052 1740 2135 1777 263.

182 1799 281 1834 Paus.
313 1799 390 1846 VII,
432 1798 488 1834 16.

332 1926 387 1963 Ac
414 1927 559 1974 primum
587 1926 725 1974 quidem
753 1926 979 1973 imperatores
999 1925 1143 1963 Romani
1167 1926 1363 1975 simulacra,
1392 1938 1474 1964 vasa
1503 1928 1645 1977 caelata,
1675 1929 1820 1966 triclinia
1848 1935 1975 1977 aerata,
2003 1932 2137 1970 tabulas

181 1992 289 2036 pictas
318 1993 491 2037 rapientes
518 1991 552 2025 id
580 1992 795 2036 potissimum
824 1991 984 2038 agebant,
1013 1995 1049 2025 ut
1074 1992 1157 2026 artis
1182 1992 1350 2036 oper-ibus
1377 1997 1435 2027 aut
1461 1994 1686 2040 triumphum,
1713 2004 1817 2039 quem
1844 1995 1979 2030 ducturi
2007 2002 2134 2042 essent,

181 2055 382 2101 ampliorem
411 2060 445 2091 et
471 2055 708 2091 honestiorem
735 2054 943 2100 redderent,
983 2059 1041 2090 aut
1066 2055 1161 2090 urbis
1187 2056 1360 2102 porticus,
1398 2056 1544 2103 templa,
1583 2056 1658 2093 fora
1687 2063 1908 2094 exornarent.
1961 2059 1976 2094 1
1985 2059 2135 2096 taliam

184 2120 297 2154 enim
331 2129 495 2155 ornare
529 2129 653 2164 quam
687 2118 856 2154 domum
891 2129 1010 2153 suam
1047 2118 1314 2154 maluerunt.
1369 2119 1440 2154 Cic.
1470 2119 1513 2155 de
1543 2119 1707 2168 0ffic.11‚
1738 2120 1797 2157 22.
1842 2121 1885 2158 cf.
1915 2123 2050 2158 Verrin.
2078 2124 2133 2170 lv,

183 2186 204 2224 ς
236 2182 318 2218 120.
384 2184 506 2218 Postea
543 2192 647 2227 vero,
686 2182 849 2228 imprimis
884 2181 976 2217 bello
1009 2181 1165 2217 Achaico
1199 2181 1359 2219 consecto
1393 2184 1623 2229 imperatores
1656 2185 1690 2219 in
1726 2186 1905 2221 itineribus
1933 2187 2004 2221 suls
2033 2187 2133 2223 obvia

363 2488 391 2523 ⁸·)
424 2488 524 2523 Virgil.
546 2483 626 2516 Aenss'
641 2488 687 2521 VI,
709 2495 737 2515 v.
761 2489 817 2515 8¹08
842 2494 908 2524 sqq.

342 2581 389 2616 “)
421 2581 481 2608 Liv.
504 2581 587 2614 XXV,
613 2582 658 2608 40.
703 2584 829 2609 cete-nm
858 2584 926 2608 Me
955 2584 1079 2614 primun
1100 2583 1215 2608 inertum
1236 2583 1363 2607 mirandi
1381 2582 1563 2608 Graecarum
1593 2585 1700 2609 artium
1732 2590 1823 2616 opera
1851 2585 2041 2617 neemiaeque
2070 2588 2135 2613 huic

423 2640 511 2659 sacra
533 2634 715 2667 profanaque
737 2635 832 2659 omnia
855 2634 937 2665 1711190
958 2634 1103 2665 apellandi
1124 2634 1232 2666 factum
1254 2634 1305 2658 est.

322 2725 388 2760 a«)
419 2724 493 2752 Plut.
516 2723 620 2752 Aenid.
641 2724 731 2752 Paull.
754 2732 780 2752 c.
806 2726 852 2752 32.
882 2722 936 2762 τῆς
967 2721 1001 2752 δὲ
1030 2722 1158 2762 πομπῆς
1188 2723 1231 2758 εἰς
1260 2720 1378 2762 ἡμέρας
1408 2726 1491 2763 τρεῖς
1521 2725 1742 2765 νενεμημένης,
1772 2724 1790 2765 ἦ
1825 2726 1877 2766 μὲν
1907 2725 2011 2766 πρώτη
2046 2726 2134 2766 μόλις

422 2773 616 2814 ἐξαρκέσασα
638 2778 705 2810 τοῖς
728 2773 936 2814 αἰχμαλώτοις
960 2772 1094 2813 ἀνδράσι
1122 2775 1175 2803 καὶ
1202 2778 1338 2814 γραφαῖς
1370 2775 1422 2804 καὶ
1452 2775 1626 2812 κολοσσοῖς
1655 2776 1706 2807 ἐπὶ
1734 2777 1849 2815 ζευγῶν
1870 2776 2061 2817 πεντήκοντα
2083 2781 2135 2809 καὶ

424 2825 593 2858 διακοσίων
611 2825 840 2867 κομιζομένοις,
860 2824 977 2857 τούπων
998 2824 1070 2865 ἔσχε
1095 2824 1179 2856 θέαν.
1222 2828 1258 2855 ct'.
1281 2827 1380 2862 Vettej.
1404 2828 1464 2856 Pat.
1490 2830 1513 2861 1.
1542 2832 1584 2857 15.
1628 2830 1726 2858 Cicer.
1750 2830 1787 2858 de
1816 2829 1868 2857 Otr.
1893 2833 1918 2864 2,
1943 2832 1989 2858 22.

902 2882 906 2895 t
1827 2881 1877 2916 2*

2196 0 2362 168 *t
