2362 3101
1020 139 1267 174 -γι-

150 251 327 297 praesenti
365 251 532 297 pecunia,
573 260 644 287 non
679 261 726 287 ex
760 261 880 287 mensa
920 253 1199 300 argentariorum
1235 252 1430 288 soluturum
1457 262 1538 287 esse
1567 251 1666 296 epist.
1694 250 1737 297 9,
1776 252 1899 287 iterum
1932 253 2127 297 iterumque

150 319 286 359 monet,
323 319 360 349 ut
387 316 488 362 signa
516 319 551 349 et
577 315 824 351 Hermeraclas
853 321 888 351 et
914 317 944 351 si
972 315 1066 360 quod
1096 316 1189 352 aliud
1217 316 1355 352 οἷκετον
1383 317 1458 352 eius
1485 315 1568 362 loci,
1605 325 1709 362 quem
1737 325 1807 351 non
1834 315 1991 363 ignoret,
2021 326 2129 364 repe-

84 414 88 422 ,
149 378 250 424 rerit,
290 388 392 425 quam
430 379 578 425 primum
611 379 674 415 sibi
711 380 826 414 mittat.
891 378 1078 414 Praeterea
1111 384 1214 426 typos
1242 389 1330 425 quos
1359 380 1393 415 in
1421 380 1568 415 tectorio
1596 379 1711 414 atrioli
1737 379 1890 414 includat
1917 384 1951 415 et
1977 381 2128 425 putealia

149 442 297 490 sigillata
332 442 401 478 duo
436 443 627 489 desiderat,
666 443 766 488 epist.
800 443 856 478 10.
890 443 946 478 11.
1020 443 1180 489 Denique
1216 443 1488 480 Hermathenam
1526 443 1589 479 sibi
1629 447 1763 491 gratam
1802 443 1880 479 fore
1918 445 2126 491 pronuntiat,

151 507 250 553 epist.
284 507 349 552 14;
390 507 528 543 tandem
556 508 672 543 Attico
701 508 832 555 gratias
862 508 932 555 agit
959 518 1022 553 pro
1051 507 1179 543 hermis
1218 512 1253 543 et
1293 508 1404 555 signis
1443 508 1631 555 diligenter
1669 517 1848 554 parvoque
1883 507 1949 543 sibi
1987 509 2127 554 curatis,

151 580 206 617 cp.
236 570 280 606 ad
307 570 410 605 Attic.
440 567 464 614 1,
493 568 528 603 3.

306 698 367 735 His
395 698 499 745 igitur
526 697 695 744 expositis
713 697 920 733 Ciceronem
949 699 1030 733 artis
1060 699 1227 744 operibus
1256 698 1463 733 delectatum
1494 710 1572 734 esse
1601 699 1810 734 intellectum
1837 703 1931 743 puto.
1976 699 2022 734 At
2040 710 2128 735 vero

151 763 303 798 eundem
331 762 452 797 barum
480 772 599 796 rerum
627 762 729 796 valde
757 762 951 798 studiosum
980 762 1088 798 fuisse
1119 768 1225 810 negat
1259 763 1300 799 Ο.
1330 763 1496 799 Miillerus
1524 763 1610 800 Hist.
1640 763 1722 798 artis
1759 773 1837 810 pag.
1870 762 1953 799 171.
2020 763 2128 805 Quam

151 827 357 863 sententiam
386 829 423 861 ut
451 825 651 871 confirmet,
686 825 803 861 laudat
830 826 1009 872 epistolam
1039 827 1081 861 ad
1111 826 1214 862 famil.
1245 827 1302 862 lib.
1332 826 1400 861 vll.
1431 826 1497 872 23,
1537 837 1604 872 qua
1633 826 1759 862 Cicero
1786 837 1864 861 cum
1892 826 1998 861 Fabio
2028 827 2127 862 Gallo

151 891 195 927 de
222 892 403 938 signorum
432 890 474 925 ab
502 891 578 935 ipso
607 894 776 925 emiorum
806 890 944 926 delectu
972 896 1006 926 et
1039 892 1151 937 prelio
1180 890 1389 937 expostulat.
1443 890 1577 926 Etenim
1607 890 1726 926 Gallus
1764 900 1828 937 pro
1865 890 1989 926 tabulis
2016 892 2128 938 pictis,

150 947 243 1001 quas*
267 955 429 990 Ciceroni
457 964 582 989 curare
611 953 774 1000 debebat,
803 954 958 990 Bacchas
986 960 1055 990 tres
1083 960 1118 990 et·
1144 955 1289 990 Martem
1318 959 1459 990 emerat.
1506 955 1600 990 idem
1622 955 1869 1001 Damasippum
1896 955 1987 991 haec
2015 956 2127 1003 signa,

151 1020 181 1054 si
210 1020 321 1053 minus
349 1018 529 1064 placerent
546 1017 722 1062 Ciceroni,
751 1023 920 1053 emturum
940 1029 1020 1053 esse
1042 1019 1238 1063 scripserat.
1281 1018 1357 1054 Jam
1375 1029 1462 1054 vero
1483 1018 1717 1064 pulcherrime
1745 1018 1883 1063 quidem
1912 1018 2002 1054 sacta
2030 1024 2130 1055 erant

151 1083 238 1118 haec
266 1082 376 1129 signa,
406 1082 535 1128 quippe
564 1092 655 1127 quae
683 1083 757 1116 viro
787 1082 1035 1128 elegantissimi
1062 1082 1193 1128 ingenii
1220 1082 1463 1128 probarentur,
1492 1082 1714 1118 nihilominus
1740 1087 1871 1128 tamen,
1901 1087 2064 1128 quantum
2091 1084 2126 1118 in

151 1148 215 1182 isla
253 1151 435 1194 erogatum
471 1146 531 1190 sit,
572 1146 653 1180 tanti
689 1157 728 1180 se
764 1156 878 1192 genus
917 1147 1057 1181 omnino
1094 1147 1272 1194 signorum
1306 1146 1457 1181 omnium
1491 1156 1560 1181 non
1588 1146 1773 1181 aestimare
1801 1145 1924 1181 Cicero
1953 1147 2123 1182 rescribit.

152 1210 242 1253 Quid
270 1210 402 1258 igitur?
465 1209 554 1244 Num
583 1209 790 1244 Ciceronem
819 1209 906 1244 haec
935 1210 1017 1245 artis
1046 1221 1152 1256 opera
1181 1211 1278 1256 parvi
1306 1210 1435 1246 secisse
1463 1210 1711 1245 censebimus?
1774 1210 1852 1244 Non
1888 1212 1985 1256 parvi
2013 1212 2125 1246 aesti-

152 1275 284 1319 mabat,
323 1273 386 1308 sed
425 1283 494 1308 non
527 1273 721 1308 insaniebat
759 1278 795 1308 ut
830 1274 1059 1319 Damasippus
1096 1274 1234 1316 [Horat.
1263 1279 1325 1309 sat.
1354 1274 1392 1319 11,
1422 1273 1477 1317 3.)
1515 1278 1657 1309 veteres
1685 1278 1814 1309 statuas
1842 1274 2002 1309 emendo.
2056 1275 2125 1310 Res

152 1339 327 1387 sanuliaris
356 1348 461 1381 quum
490 1347 559 1372 non
587 1341 680 1371 tanta
709 1342 817 1381 esset,
845 1342 883 1372 ut
910 1348 1140 1383 quaecunque
1168 1338 1232 1373 sibi
1261 1338 1441 1383 placerent
1461 1338 1645 1383 acquirere
1666 1342 1796 1383 posset,
1826 1348 1867 1372 ea
1887 1338 1986 1384 signa
2006 1348 2125 1373 emere

152 1402 305 1446 solebat,
335 1412 426 1447 quae
454 1401 497 1435 ad
524 1400 779 1435 similitudinem
808 1402 1068 1447 gymnasiorum
1097 1406 1310 1437 exornarent
1336 1402 1400 1447 ipsi
1428 1403 1462 1436 in
1490 1401 1663 1446 palaestra
1690 1402 1792 1436 villae
1820 1402 2038 1437 Tusculanae
2066 1402 2124 1437 lo-

152 1478 241 1502 cum.
296 1466 464 1511 Imprimis
492 1465 627 1500 tabulas
655 1466 763 1509 pictas
793 1465 1032 1511 desiderabat,
1062 1476 1152 1511 quae
1181 1465 1333 1501 exedriis
1360 1466 1394 1500 in
1422 1465 1590 1511 porticula
1618 1465 1801 1500 Tusculani
1830 1470 2034 1500 ornamento
2063 1477 2125 1500 es-

151 1535 229 1566 sent
240 1529 294 1573 ⁴¹²).
338 1529 444 1564 Cuius
472 1530 613 1564 instituti
641 1540 744 1575 quum
767 1529 884 1564 Gallus
911 1530 1055 1576 ignarus
1083 1528 1216 1574 fuisset,
1246 1528 1310 1564 alia
1338 1530 1419 1564 artis
1448 1539 1555 1575 opera
1583 1533 1688 1574 atque
1713 1529 1836 1563 Cicero
1865 1528 2125 1563 desideraverat

152 1596 243 1629 emit.
297 1593 526 1629 Nihilominus
554 1596 679 1639 tamen,
709 1604 798 1639 quae
827 1598 903 1628 erat
929 1593 1019 1628 illius
1047 1593 1111 1627 viri
1139 1593 1346 1638 humanitas,
1376 1603 1445 1627 non
1473 1593 1577 1628 modo
1606 1603 1696 1638 quae
1724 1603 1763 1628 se
1791 1593 1919 1628 emisse
1947 1593 2127 1639 scripserit

153 1658 271 1694 Gallus
299 1661 373 1692 rata
401 1657 464 1691 sibi
494 1656 582 1702 sore,
612 1657 674 1691 sed
704 1658 806 1691 etiam
835 1661 934 1703 grata
963 1655 1196 1699 affirmatff).

307 1784 461 1819 Tandem
488 1784 622 1830 reliqua
652 1785 831 1820 Ciceronis
861 1786 987 1830 scripta
1016 1789 1145 1819 tantum
1174 1785 1288 1828 abest,
1326 1789 1362 1819 ut
1389 1784 1511 1819 rudem
1540 1789 1574 1819 et
1601 1785 1759 1831 ignarum
1787 1795 1923 1830 rerum,
1964 1795 2054 1830 quae
2082 1784 2125 1819 ad

153 1853 245 1885 artes
273 1852 446 1895 spectant,
483 1858 561 1882 eum
590 1847 698 1882 fuisse
728 1848 930 1892 ostendant,
968 1852 1005 1882 ut
1038 1848 1257 1892 multiplicem
1291 1859 1358 1893 qua
1386 1849 1573 1883 instructus
1602 1848 1665 1884 fuit
1692 1848 1882 1883 doctrinam
1910 1848 2124 1892 praedicent.

152 1914 217 1947 Vel
246 1924 292 1948 ex
320 1913 459 1947 dicendi
487 1923 633 1958 genere,
664 1923 733 1957 quo
762 1914 877 1957 utitur,
907 1917 1035 1957 quanto
1064 1923 1183 1947 amore
1213 1911 1380 1960 pingendi
1408 1916 1440 1947 et
1468 1911 1625 1960 fingendi
1658 1916 1750 1947 artes
1779 1911 1959 1957 amplexus
1987 1912 2031 1947 sit
2058 1922 2124 1958 ap-

152 1981 262 2025 paret.
318 1976 531 2022 Troporum,
567 1975 601 2010 in
635 1976 759 2021 quibus
799 1976 967 2010 maximus
1006 1980 1058 2010 est
1093 1977 1260 2010 orationis
1294 1981 1452 2021 ornatus,
1492 1977 1704 2010 uberrimum
1740 1987 1822 2011 esse
1851 1977 1886 2010 in
1913 1976 2002 2011 illius
2030 1976 2125 2012 libris

153 2042 284 2078 sontem
318 2042 394 2086 quis
430 2040 598 2087 ignorat?
651 2040 726 2075 Jam
754 2050 839 2074 vero
868 2051 1021 2075 summus
1050 2040 1107 2074 ille
1137 2039 1275 2075 dicendi
1303 2039 1428 2075 artifex
1456 2039 1538 2075 nibil
1571 2039 1788 2086 frequentius
1822 2038 1866 2074 ad
1898 2049 1971 2074 rem
2005 2043 2126 2075 orato-

153 2109 239 2141 riam
267 2105 460 2140 transferre
489 2104 594 2149 solet,
629 2116 730 2150 quam
760 2105 979 2150 metaphoras
1008 2116 1053 2139 ex
1081 2109 1153 2139 arte
1181 2105 1351 2150 pictorum
1380 2104 1433 2139 vel
1463 2105 1704 2140 statuariorum
1732 2104 1867 2150 petitas.
1927 2103 1978 2138 Ne
2014 2104 2127 2139 multis

153 2182 289 2209 morer:
319 2169 512 2206 orationem
541 2169 745 2205 suavissimo
774 2169 961 2204 verborum
990 2174 1112 2204 ornatu
1141 2168 1322 2215 figuratam
1351 2173 1384 2203 et
1411 2169 1612 2204 instructam
1642 2169 1722 2203 dicit
1749 2168 1879 2215 claris
1908 2167 2128 2203 coloribus

153 2236 313 2281 pictam.
344 2235 388 2269 de
417 2235 512 2269 Orat.
541 2234 595 2278 111,
627 2233 693 2278 253
735 2234 861 2275 Quinto
891 2233 985 2269 fratri
1022 2234 1139 2269 scribit
1173 2244 1217 2269 se
1256 2234 1463 2279 picturum
1497 2233 1717 2269 coloribus
1753 2232 1887 2277 illius,
1922 2232 2126 2278 penicillo

155 2309 241 2335 suo.
271 2299 310 2345 ll,
344 2298 407 2343 153
436 2297 669 2334 luminibus
697 2298 898 2343 saepissime
920 2298 1111 2333 orationem
1133 2298 1299 2342 illustrat;
1328 2298 1468 2332 Catonis
1496 2298 1766 2333 lineamentis
1795 2296 1954 2341 (Skizze,
1975 2297 2125 2340 Umriss]

154 2364 237 2398 nihil
266 2364 331 2397 nisi
363 2373 484 2398 eorum
520 2364 827 2409 pigmentorum
862 2373 952 2407 quae
989 2363 1128 2398 inventa
1162 2362 1314 2398 nondum
1348 2361 1477 2398 suerint
1512 2362 1633 2398 ssorem
1674 2366 1709 2397 et
1745 2361 1933 2396 colorem
1968 2360 2125 2396 defuisse

342 2633 368 2666 ¹⁸⁵)
402 2635 532 2659 Exedrta
555 2635 694 2665 quaedam
716 2635 784 2659 mihi
807 2640 880 2658 noua
902 2635 971 2659 sunt
1003 2634 1135 2658 mmmm
1168 2635 1198 2658 in
1227 2634 1372 2665 porticula
1397 2635 1562 2659 Tusculani.
1617 2635 1658 2659 Ea
1691 2633 1818 2658 volebam
1852 2632 1964 2657 tabellis
1997 2638 2124 2664 ornare,-

403 2688 508 2711 etenim
531 2687 558 2710 sc·
580 2687 647 2716 quid
669 2688 786 2717 qenerLr
810 2686 971 2711 istiusmodi
994 2693 1037 2711 me
1059 2686 1191 2716 delectat,
1215 2687 1332 2717 pictura
1355 2686 1485 2711 delectat.

321 2768 366 2802 ⁴⁸)
401 2767 489 2800 Quod
514 2766 614 2794 Gallus
638 2770 754 2794 emerat
776 2763 1035 2805 τραπεζόφορον,
1058 2774 1117 2794 non
1142 2767 1296 2794 recusavit
1320 2767 1365 2794 ille
1390 2766 1521 2802 quidem,
1545 2766 1629 2794 addit
1651 2768 1769 2793 tamen:
1798 2767 1858 2791 Ista
1881 2769 1993 2797 quidem
2015 2774 2125 2792 summa

402 2828 458 2848 nae
481 2828 531 2854 eqo
554 2821 640 2846 mullo
663 2820 798 2845 libentius
821 2822 939 2845 emerim
961 2822 1161 2845 deversorium
1187 2821 1375 2850 Terracinae,
1399 2827 1435 2845 ne
1456 2827 1574 2851 semper
1595 2820 1702 2850 hospiti
1724 2819 1861 2843 molestus
1882 2820 1946 2843 eim.
