2362 3101
989 148 1269 186 —xlv—

129 271 176 297 ex
204 260 365 295 oratione
398 270 501 303 quam
537 260 656 296 habuit
688 261 723 294 in
757 265 882 295 senatu
917 265 1080 305 apparet:
1134 259 1280 304 Saepe
1319 270 1384 295 me
1421 263 1690 305 querentem
1728 259 1781 294 de
1818 259 2108 307 seminarum,

128 332 269 368 saepe
297 322 349 357 de
378 323 597 368 virorum,
638 333 721 357 nec
757 322 809 357 de
846 323 1132 368 privatorum
1169 321 1317 357 solum
1345 322 1422 358 sed
1451 321 1585 357 etiam
1612 322 1959 368 magistratuum
1987 334 2109 373 sum-7

127 385 251 420 tibus
279 384 497 432 audistis,
533 385 832 431 diversisque
861 384 1039 420 duobus
1066 385 1215 431 vitiis,
1253 385 1447 420 avaritia
1476 389 1519 420 et
1544 384 1672 431 luxu,
1710 385 1945 420 civitatem
1971 384 2108 421 labo·-

127 459 259 483 rare:
291 459 407 494 quae
442 454 602 494 pestes
639 450 784 482 omnia
824 459 983 495 magna
1010 449 1202 494 imperia
1229 454 1513 483 everterunt.
1567 449 1687 483 Haec
1714 458 1801 494 ego
1828 458 1916 493 quo
1945 449 2109 483 melior

128 512 396 558 laetiorque
414 513 466 546 ‘in
495 512 594 547 dies
622 511 810 546 fortuna
838 512 1134 557 reipublicae
1162 517 1234 547 est
1259 513 1591 558 imperiumque
1619 512 1865 557 crescit,-—
1885 517 1929 547 et
1955 513 2037 547 iam
2065 513 2108 547 in

129 576 369 616 Graeciam
404 576 653 623 Asiamque
692 576 1088 622 transcendimus,
1131 576 1429 623 omnibusque
1466 575 1708 613 libidinum
1743 576 1991 613 illecebris
2028 587 2108 611 re-

126 641 278 687 pletas
307 645 350 679 et
377 641 539 688 regias
567 641 700 677 etiam
729 640 1045 676 adtrectamus
1074 651 1232 688 gazas,
1258 662 1300 667 —
1320 650 1372 677 eo
1401 640 1504 688 plus
1532 640 1721 688 horreo,
1745 650 1797 675 ne
1824 637 2108 688 illaemagis

127 715 206 742 res
235 715 316 742 nos
345 706 579 752 ceperint,
619 715 747 751 quam
774 715 856 740 nos
884 705 1002 740 illas.
1057 704 1234 740 Infesta
1260 705 1366 740 mihi
1394 705 1574 741 credite
1606 706 1737 752 signa
1772 704 1823 739 ab
1859 704 2108 751 Syracusis

128 770 261 807 illata
290 774 395 806 sunt
422 770 528 804 huic
555 769 669 804 urbi.
729 769 822 804 Jam
857 770 989 805 nimis
1025 770 1192 805 multos
1228 769 1365 805 audio
1394 768 1605 805 Corinthi
1641 773 1683 803 et
1709 768 1990 805 Athenarum
2024 779 2106 805 or·-

130 838 341 870 namenta
382 832 630 869 laudantes
674 834 1008 880 mirantesque,
1055 838 1098 869 et
1135 832 1345 869 antefixa
1381 832 1552 868 fictilia
1590 832 1775 868 deorum
1809 832 2107 870 Romanorum

127 897 352 934 ridentes.
406 897 502 944 Ego
530 896 614 932 hoc
642 896 756 933 malo
786 896 1018 943 propitios
1047 895 1177 941 deos,
1208 901 1250 932 et
1276 897 1338 931 ita
1365 905 1502 942 spero
1530 894 1731 941 futuros,
1769 896 1875 932 siin
1903 897 2000 933 suis
2027 906 2106 933 se-

128 962 263 999 dibus
291 971 474 996 manere
502 963 738 1006 patiemur.
791 961 863 996 Liv.
892 961 1048 1005 XXXIV,
1078 971 1107 996 c.
1137 961 1171 995 4.
1235 960 1347 996 Etiam
1383 961 1610 1006 sequentibus
1643 960 1859 1006 temporibus
1885 961 2005 1006 plures
2035 961 2106 996 Ca·-

127 1027 219 1063 tonis
248 1026 378 1061 similes
407 1026 587 1061 exstitere.
643 1025 799 1072 Vellejus
827 1025 1029 1061 Paterculus
1058 1024 1102 1070 (1,
1135 1024 1220 1068 13),
1248 1029 1285 1059 ut
1312 1025 1463 1060 omittam
1491 1024 1598 1070 alios,
1628 1024 1672 1059 de
1699 1024 1852 1060 Mummii
1878 1024 2107 1070 imprudentia

128 1101 262 1138 agens:
317 1090 413 1126 Non
449 1094 617 1135 tamen,
654 1090 779 1135 inquit,
816 1094 943 1134 puto,
983 1088 1188 1134 dubites,
1222 1089 1390 1135 Vinici,
1430 1089 1539 1135 quin
1570 1089 1712 1135 magis
1747 1099 1828 1135 pro
1862 1089 2106 1135 republica

128 1153 274 1194 fuerit
310 1164 495 1190 manere
531 1153 677 1189 adhuc
713 1152 867 1189 rudem
896 1152 1241 1189 Corinthiorum
1273 1152 1583 1199 intellectum,
1620 1162 1745 1199 quam
1779 1153 1821 1189 in
1857 1156 2027 1190 tantum
2055 1163 2106 1190 ea

126 1219 354 1265 intelligi,
392 1223 434 1253 et
462 1219 570 1263 quin
596 1218 678 1252 hac
706 1217 953 1263 prudentia
981 1217 1061 1253 illa
1088 1218 1398 1263 imprudentia
1433 1217 1593 1253 decori
1632 1216 1777 1252 suerit
1814 1218 2106 1253 convenien-

126 1283 228 1319 tior.
281 1282 452 1328 Imprimis
479 1286 607 1328 poetae
636 1281 832 1328 aequalium
861 1292 979 1319 mores
1008 1292 1084 1318 cum
1120 1276 1248 1328 prisca'
1268 1280 1409 1318 vivendi
1443 1281 1578 1318 ratione
1617 1285 1860 1327 comparantes
1895 1286 1931 1317 et
1968 1280 2105 1319 felicius

127 1346 258 1383 vixisse
287 1350 324 1382 et
349 1346 512 1382 securius
540 1349 689 1382 censent
716 1345 875 1382 homines
903 1355 974 1392 quo
1002 1349 1159 1391 tempore
1391 1351 1397 1356 ·

726 1473 852 1507 rudis
881 1477 923 1506 et
952 1473 1111 1506 Graias
1140 1472 1299 1506 mirari
1328 1473 1518 1506 nescius
1547 1476 1674 1506 artes

479 1536 677 1570 Urbibus
706 1538 892 1570 eversis
921 1536 1194 1582 praedarum
1222 1537 1264 1569 in
1292 1540 1422 1580 parte
1450 1541 1643 1579 reperta

478 1600 744 1646 Magnorum
771 1598 1007 1634 artificum
1037 1598 1283 1645 frangebat
1308 1598 1474 1644 pocula
1502 1596 1698 1641 miles*).

282 1726 535 1763 Laudatoribus
562 1726 668 1775 igitur
694 1727 860 1774 pristinae
887 1726 1032 1772 virtutis,
1061 1725 1286 1773 simplicitatis
1314 1725 1592 1775 frugalitatisque
1620 1725 1701 1761 artis
1730 1734 1837 1772 opera
1870 1725 2008 1771 intueri,
2038 1724 2103 1760 ad-

128 1792 268 1837 mirari,
309 1792 492 1838 suspicere
531 1792 723 1827 otiosorum
755 1795 789 1825 et
827 1791 967 1826 mollitie
996 1790 1222 1825 diffluentium
1250 1790 1429 1825 hominum
1457 1800 1536 1825 esse
1564 1789 1757 1825 videbatur.
1821 1789 1935 1825 Fuere
1965 1789 2103 1836 quidem

128 1856 187 1901 qui
214 1856 368 1890 eruditos
396 1856 570 1890 haberent
596 1855 720 1890 oculos
749 1859 949 1901 quantaque
969 1855 1021 1889 vis
1049 1859 1145 1889 esset
1172 1854 1216 1888 ad
1243 1864 1365 1889 omnes
1385 1854 1530 1889 virtutes
1557 1854 1592 1888 in
1619 1853 1753 1898 pulchri
1780 1864 1887 1889 sensu
1916 1853 2102 1888 excitando

128 1924 163 1954 et
189 1919 316 1954 alendo
344 1921 603 1966 perspicerent,
631 1924 871 1955 verumtamen
898 1919 1014 1963 iidem,
1043 1923 1080 1953 ut
1107 1919 1243 1963 Cicero,
1272 1929 1317 1953 ne
1345 1919 1379 1952 in
1406 1918 1502 1964 vulgi
1529 1918 1841 1962 reprehensionem
1869 1919 2101 1962 incurrerent,

127 1984 161 2019 in
190 1983 270 2020 soro
298 1984 500 2031 iudicioque
528 1982 1093 2031 intelligentiam*dissimulabant.

318 2243 343 2278 *)
376 2242 504 2272 Juvenal
525 2242 570 2276 xi,
593 2249 623 2270 v,
647 2243 703 2271 100
728 2248 795 2278 sqq.
839 2240 984 2269 Similiter
1007 2240 1076 2268 Plin.
1099 2240 1208 2274 XXXV,
1231 2247 1255 2269 s.
1282 2241 1327 2268 65.
1353 2241 1399 2268 66.
1746 2257 1764 2274 4
