2362 3101
1085 155 1347 193 ——Xll—

234 278 414 315 quaeque,
448 273 485 304 ut
512 272 716 305 ornamenta
740 274 906 315 pararent
932 268 1022 306 villis
1051 270 1215 316 atriisque
1243 270 1334 315 suis,
1369 267 1642 315 dir-ipiebtant*)‚
1682 267 1833 315 et'quae
1859 271 1993 316 reliqua
2020 270 2196 316 fecissent,

235 337 292 368 aut
318 332 441 368 milites
468 333 649 378 rapiebant
676 334 832 381 gregarii
842 332 907 377 *¹⁸3
937 337 993 369 aut
1019 334 1053 368 in
1081 333 1157 379 ipso
1184 333 1280 380 pacis
1308 334 1377 369 otio
1405 333 1608 369 furabantur
1633 333 1864 381 magistratus.

386 458 482 495 Italia
510 458 688 508 inferiore,
717 458 935 508 Macedonia,
966 459 1125 507 Graecia,
1154 460 1228 497 aliis
1255 461 1359 496 terris
1388 459 1531 497 devictis
1559 472 1662 507 quum
1689 461 1819 496 Romae
1847 465 1939 507 tanta
1967 465 2063 496 esset
2090 462 2199 496 simu-

233 524 407 559 lacrorum
435 524 633 569 multitudo,
671 529 709 559 ut
735 525 927 558 incolarum
955 535 1136 559 numerum
1165 524 1240 559 fere
1269 528 1455 570 aequaret,
1494 525 1571 571 quis
1604 523 1723 560 credat
1755 523 1882 560 multos
1920 524 2079 560 inventos
2118 534 2197 560 esse

232 586 363 624 similes
390 587 558 633 Mummii,
596 588 655 634 qui
688 593 787 634 capta
817 588 980 624 Corintho
1009 599 1113 633 quum
1151 589 1377 624 maximorum
1407 588 1572 623 artificum
1602 589 1757 623 manibus
1793 588 1968 633 perfectas
1995 588 2129 622 tabulas
2157 597 2197 621 ac

232 654 362 687 statuas
389 651 425 685 in
452 651 580 686 ltaliam
608 652 795 697 portandas
823 651 964 698 locaret,
995 651 1148 697 praedici
1176 652 1277 688 iussit
1304 650 1589 697 conducentibus,
1617 652 1647 688 si
1671 662 1731 688 eas
1754 652 1996 699 perdidissent,
2026 661 2134 687 novas
2155 651 2197 687 ab

231 715 316 761 ipsis
343 715 444 750 reddi
471 720 646 761 oportere.
689 716 811 761 Vellej.
830 716 898 750 Pat.
920 716 942 761 l,
967 714 1124 758 13⁸**).
1169 717 1297 750 Verum
1326 716 1417 750 enim
1445 726 1541 761 vero,
1571 726 1639 760 quo
1667 719 1919 759 tempore-tota
1947 715 2031 748 urbs
2059 723 2201 749 omnes-

232 777 404 824 que·³fere
430 778 547 813 Italiae
575 781 693 824 partes
720 778 829 825 signis
857 778 1050 826 tabulisque
1078 779 1178 826 pictis
1205 778 1272 815 iam
1301 783 1491 816 exornatae
1520 783 1635 826 erant,
1663 778 1782 825 plures
1811 778 1939 815 idiotae
1966 790 2068 824 quam
2096 780 2198 815 intel-

231 843 380 890 ligentes
408 844 538 878 inventi
565 848 655 878 sunt.
703 843 788 877 Nam
816 844 974 888 plerique
1001 844 1218 888 publicarum
1246 855 1365 878 rerum
1393 854 1475 878 cura
1505 843 1643 877 distenti
1671 847 1704 877 et
1732 842 1885 878 distracti
1904 852 1948 878 ne
1966 844 2035 879 otio
2056 843 2194 889 quidem

230 905 435 943 fruebantur
462 906 506 943 ad
532 905 682 943 fructum
710 906 860 954 aliquem
889 919 935 943 ex
963 909 1120 955 egregiis
1150 909 1318 944 Graeciae
1346 907 1464 953 spoliis
1490 907 1764 952 percipiendum.
1825 908 1950 943 Plinius
1977 914 2073 943 certe
2102 920 2198 943 sum-

231 972 295 1007 mis
322 972 482 1006 laudibus
511 972 661 1006 Veneris
689 975 834 1006 statuam
863 971 1037 1007 extollens
1064 972 1225 1007 Romae
1254 971 1450 1018 quidem,
1479 971 1606 1018 inquit,
1635 970 1878 1008 multitudo
1907 982 1997 1009 eam
2025 972 2198 1009 oblite—

230 1040 317 1082 rat,
361 1047 410 1073 ac
447 1036 596 1083 magni
633 1037 928 1083 negotiorum
967 1037 1328 1080 officiorumque
1365 1038 1522 1070 acervi
1558 1047 1710 1070 omnes
1749 1047 1768 1070 a
1804 1037 2195 1081 contemplatione

229 1099 388 1135 talium
416 1099 667 1146 abducunt,
697 1100 907 1146 quoniam
937 1100 1192 1136 otiosorum
1229 1103 1271 1136 et
1305 1099 1348 1135 in
1387 1110 1549 1148 magno
1578 1099 1668 1135 loci
1697 1099 1888 1136 silentio
1925 1105 2023 1145 apta
2057 1101 2197 1135 admi-

230 1166 350 1199 ratio
377 1165 485 1199 talis
514 1169 591 1198 est.
646 1165 729 1197 Plin.
758 1164 843 1197 Hist.
872 1164 914 1198 N.
942 1163 1099 1208 XXXVI,
1130 1175 1159 1197 c.
1188 1164 1223 1197 4.
1252 1174 1278 1197 s.
1309 1164 1342 1197 4.
1399 1164 1487 1198 Satis
1514 1163 1618 1209 igitur
1644 1162 1819 1198 habebant
1846 1163 1955 1198 semel
1982 1163 2061 1199 talia
2089 1173 2197 1211 opera

230 1225 359 1264 vidisse
373 1229 434 1273 †),
462 1226 518 1263 vel
546 1225 823 1274 magnificentiae
847 1231 885 1263 'et
913 1227 1109 1273 splendoris
1138 1239 1256 1263 amore
1284 1229 1416 1263 incensi
1444 1227 1615 1262 domicilia
1642 1228 1775 1262 urbana
1803 1233 1838 1262 et
1863 1228 1961 1262 villas
1988 1239 2058 1262 non
2086 1229 2197 1263 solum

232 1291 407 1337 stragulis,
434 1292 620 1337 tapetibus,
649 1292 820 1336 exquisita
849 1291 959 1325 omnis
987 1292 1131 1337 generis
1157 1291 1384 1338 supellectile,
1414 1290 1478 1326 sed
1507 1291 1607 1332 etiam
1634 1291 1776 1337 picturis
1805 1295 1840 1327 et
1866 1292 1985 1327 statuis
2015 1291 2194 1327 ornabantss

232 1355 465 1392 {inmoderata
488 1365 595 1401 saepe
623 1355 738 1391 talium
766 1365 883 1391 rerum
919 1355 1208 1401 possidendarum
1243 1356 1427 1401 cupiditate
1462 1356 1688 1401 tenebantur,
1723 1360 1760 1390 ut
1792 1356 1942 1402 Verres,
1981 1357 2040 1402 qui
2071 1361 2198 1391 tantam

233 1424 420 1456 aureorum
448 1424 768 1467 argenteorumque
794 1429 957 1455 vasorum
994 1420 1127 1465 copiam
1160 1419 1324 1455 habuisse
1362 1419 1502 1465 dicitur,
1543 1424 1702 1466 quantam
1740 1419 1843 1455 totius
1876 1420 2010 1455 Siciliae
2048 1420 2197 1456 artifices

232 1485 291 1519 vix
317 1484 406 1520 intra
433 1488 512 1519 octo
540 1494 681 1519 menses
710 1483 886 1519 conticere
914 1488 1074 1529 poterant
1102 1484 1256 1526 (Verrin.
1276 1483 1331 1531 IV,
1353 1482 1439 1529 24);
1467 1488 1706 1519 verumtamen
1724 1484 1781 1531 qui
1803 1484 1931 1520 sentire
1949 1489 1984 1520 et
2001 1494 2196 1532 agnoscere

233 1549 313 1585 artis
341 1557 486 1594 operum
514 1548 803 1594 pulchritudinem
831 1553 866 1583 et
893 1548 1099 1595 elegantiam
1117 1553 1283 1594 possent,
1312 1550 1477 1593 perpauci
1504 1548 1605 1583 fuere
1617 1551 1694 1591 ††).

419 1839 445 1872 *)
478 1838 627 1872 Perpauci
650 1840 766 1864 tantum
790 1837 826 1864 ab
850 1838 908 1864 hoc
930 1838 1004 1864 vitio
1028 1840 1113 1865 erant
1136 1838 1224 1865 alieni
1247 1840 1280 1865 ut.
1303 1837 1484 1873 Pompeius,
1517 1836 1565 1864 cui
1598 1844 1614 1864 a
1637 1836 1785 1865 Cicerone
1816 1838 1965 1866 maximae
1997 1837 2076 1866 laudi
2100 1838 2197 1873 datur,

479 1890 563 1927 quod
586 1890 672 1926 signa
694 1891 724 1917 et
746 1889 864 1918 tabulas
888 1892 1052 1926 ceteraque
1086 1892 1265 1918 ornamenta
1288 1891 1475 1917 Graecorum
1508 1889 1709 1924 oppidorum,
1743 1897 1820 1924 quae
1854 1891 1948 1917 ceteri
1983 1890 2114 1917 tollenda
2145 1898 2195 1917 ar-

479 1941 642 1973 bitrentur,
665 1948 702 1968 ne
726 1941 852 1968 visenda
875 1940 932 1967 sibi
956 1941 1079 1975 quidem
1102 1935 1330 1967 existimaverit.
1363 1939 1423 1967 Cic.
1447 1934 1502 1975 pro'
1525 1938 1590 1975 lege
1614 1939 1721 1966 Mamil.
1745 1946 1771 1967 e.
1795 1939 1840 1966 14.
1871 1939 1953 1967 Idem
1978 1940 2089 1974 Quinto
2113 1940 2195 1968 fratri

479 1992 558 2020 haec
579 1991 702 2020 scribit:
727 1994 771 2019 Τιι
791 2000 877 2027 quum
897 1995 1051 2025 pecuniae,
1072 2000 1156 2026 quum
1178 1994 1336 2026 voluptatis
1351 2000 1436 2025 auum
1457 1996 1582 2019 omntnm
1603 2000 1704 2018 rerum
1726 1995 1878 2024 cupiditati
1898 1996 2030 2023 restores,
2052 1996 2084 2018 ut
2104 1995 2197 2025 factu.-

476 2048 550 2076 ortt,
573 2047 676 2075 credo,
698 2046 878 2076 periculum,
902 2051 937 2069 ne
959 2047 1117 2076 tnnprotmm
1139 2046 1361 2077 neyottatorem,
1394 2044 1492 2076 paullo
1521 2045 1700 2077 captatorem
1720 2044 1905 2076 publicanum
1928 2047 2118 2078 comprimere
2140 2051 2196 2072 uon

478 2097 594 2130 poeste!
634 2097 709 2124 Nam
733 2097 840 2123 Graeci
862 2099 974 2129 quidem
994 2099 1038 2123 xic
1059 2099 1086 2124 te
1109 2099 1149 2123 ita
1170 2099 1312 2123 viventem
1344 2098 1550 2127 intuebuntur,
1580 2098 1612 2122 ut
1640 2098 1781 2128 quendam
1812 2105 1849 2122 esc
1881 2099 2029 2122 annalium
2059 2100 2195 2122 memoria

481 2151 533 2174 aut
553 2150 640 2173 ettam
662 2145 697 2172 'de
720 2144 797 2172 coelo
820 2150 949 2172 divinum
971 2149 1110 2173 nerninem
1133 2155 1197 2172 esee
1220 2150 1249 2172 in
1271 2150 1452 2180 provinciam
1474 2148 1624 2180 delapsum
1645 2148 1754 2179 putent.
1779 2161 1816 2164 —
1839 2134 2030 2175 Praeclarum
2052 2150 2097 2175 est
2119 2150 2194 2175 enim

481 2206 591 2227 &ummo
613 2206 677 2226 cum
697 2201 821 2233 imperto
842 2200 937 2233 misse
959 2202 988 2226 tn
1011 2202 1081 2226 Asta
1104 2202 1261 2226 trtenntum
1282 2202 1340 2232 stc,
1363 2203 1395 2226 ut
1415 2200 1525 2226 nullum
1548 2202 1574 2225 te
1596 2200 1725 2232 etqnu'm,
1749 2200 1828 2225 nulla
1850 2201 1982 2231 pictura,
2004 2202 2113 2225 nullum
2136 2207 2197 2230 vae,

480 2254 562 2277 nulla
584 2254 675 2277 vestis
697 2265 734 2269 —
757 2254 792 2276 ab
814 2258 926 2276 mmma
949 2252 1114 2282 integritate
1136 2252 1368 2282 continentiaque
1390 2251 1554 2275 deduxerit.
1599 2248 1689 2283 epist.
1713 2247 1750 2275 ad
1774 2248 1807 2281 Q.
1831 2247 1965 2276 Fratrem
1988 2248 2037 2276 lib.
2060 2249 2078 2283 l,
2104 2250 2129 2277 1.

404 2332 451 2368 u)
485 2332 522 2360 cf.
545 2333 612 2360 san.
636 2333 719 2360 Catii.
743 2341 769 2361 c.
797 2335 843 2360 11.

385 2414 450 2451 “*)
483 2415 527 2443 De
551 2414 660 2443 eodem
683 2415 829 2444 Mummio
852 2415 928 2443 haec
952 2414 1033 2451 apud
1054 2415 1178 2443 Plinium
1203 2415 1357 2450 leguntur:
1403 2417 1475 2442 Cum
1506 2419 1535 2442 in
1565 2418 1678 2449 praeda
1700 2418 1851 2441 vendenda
1873 2423 1929 2441 rex
1950 2418 2065 2442 Attalus
2093 2418 2129 2442 Vl
2149 2424 2196 2442 se-

481 2471 614 2495 stertium
636 2471 754 2494 emisset
774 2470 915 2494 Art-’tidie
945 2469 1084 2498 tabulam,
1115 2469 1249 2493 Liberum
1270 2470 1402 2499 patrem,
1435 2470 1562 2499 pretium
1584 2469 1707 2493 miratu:
1728 2469 1952 2508 mptcatuequo
1979 2469 2088 2499 aliquid
2110 2470 2140 2492 in
2162 2475 2196 2492 ea

484 2526 548 2545 ease
570 2521 704 2551 virtutis,
728 2521 802 2553 quod
824 2521 888 2552 ipse
910 2520 1052 2550 nesctret,
1074 2521 1224 2546 revocavit
1245 2521 1386 2552 tabulam,
1407 2520 1502 2546 Attalo
1524 2521 1641 2546 multum
1664 2522 1818 2552 querente,
1851 2522 1879 2546 et
1900 2522 1929 2545 in
1953 2521 2072 2546 delubro
2093 2522 2197 2552 poenit.

484 2570 558 2597 llist.
572 2571 604 2597 N.
616 2570 724 2603 XXXV,
738 2578 763 2597 c.
780 2573 804 2597 4.
818 2578 842 2597 s.
856 2574 883 2597 8.
916 2567 1134 2607 Μεγαλόφρων
1155 2568 1213 2606 γὰρ
1236 2566 1278 2597 ὢν
1300 2569 1421 2606 μᾶλλον
1436 2566 1454 2606 ἢ
1473 2566 1658 2607 φιλότεχνος
1676 2567 1693 2597 ὃ
1709 2566 1865 2606 Μόμμιος,
1889 2568 1997 2595 Strabo
2007 2569 2075 2601 Vlll,
2090 2576 2117 2603 p.
2130 2569 2197 2595 381.

423 2651 454 2687 †)
487 2650 608 2679 Tacitus
631 2650 668 2679 de
691 2652 791 2687 poetis
814 2652 961 2688 neglectis
984 2660 1117 2688 querens
1142 2654 1387 2685 Quotusquisque,
1409 2653 1521 2687 inquit,
1546 2655 1674 2679 Saleium
1695 2654 1819 2678 Bassum
1841 2653 1988 2683 requirit?
2021 2655 2105 2682 atque
2127 2655 2198 2677 adeo

484 2707 512 2729 ει·
534 2707 597 2735 quie
619 2706 757 2734 requirit,
787 2706 819 2729 ut
839 2705 929 2729 semel
950 2706 1036 2734 vidit,
1067 2705 1175 2729 tramit
1196 2706 1223 2728 et
1245 2705 1396 2729 contentus
1418 2705 1478 2736 eet,·
1510 2706 1541 2728 ut
1561 2706 1588 2728 εί
1610 2706 1674 2736 quis
1695 2705 1839 2736 picturam
1861 2702 1986 2734 aliquam
2008 2702 2054 2727 vel
2075 2703 2198 2728 statuam

484 2755 616 2780 vidueet.
661 2752 773 2788 Dialog.
797 2753 833 2782 de
858 2755 946 2782 oratt.
971 2761 997 2782 c.
1024 2755 1069 2781 10.

401 2838 454 2872 Η»)
484 2838 602 2869 Brunn,
636 2836 710 2863 Hist.
734 2843 833 2871 graec.
856 2835 932 2862 artis.
956 2836 974 2868 1,
997 2844 1027 2871 p.
1051 2837 1125 2863 617:
1165 2838 1220 2862 Dte
1249 2838 1425 2869 yrtecltieche
1447 2837 1543 2863 Kumt
1572 2842 1694 2870 §ewann
1722 2837 1807 2862 einen
1837 2837 2049 2869 ausqeaeltnten
2071 2836 2199 2870 Einfluu
