2362 3101
1054 165 1310 228 .—x—

201 263 436 318 fluu'fflbrem
462 274 590 312 eicere
622 276 683 322 qut
716 277 798 313 talia
834 282 958 314 curent
988 277 1173 325 elegantes
1200 277 1282 313 dicit
1315 283 1350 313 et
1384 278 1611 325 ingeniosos,
1647 275 1761 313 studia
1799 277 2018 324 deliciasque
2046 289 2166 315 eornm

197 326 367 378 fflhffl
413 336 516 377 ΙΜ
535 338 616 377 ubi
626 338 785 378 ostendit·
816 340 938 387 quani
945 332 1128 376 studiosus
1165 338 1274 377 fuerit
1303 340 1436 377 Verres
1468 339 1569 377 liuius
1602 339 1883 387 existimationis,
1922 344 1961 377 ut
1990 344 2168 387 putaretur

198 403 411 455 intelligens,
438 404 530 441 hanc
556 404 696 441 laudem
721 402 986 452 praeclaram
1015 404 1174 451 appellat.
1229 405 1329 440 Verr.
1359 405 1414 451 lV,
1444 417 1474 441 c.
1506 405 1563 452 15,
1594 409 1614 447 s
1644 404 1703 440 33.
1765 405 1863 447 Quae
1890 415 1960 441 vox
1987 415 2035 442 ne
2061 415 2167 443 secus

172 453 178 469 '
310 466 437 506 *vellet
461 461 733 525 intefflffdretur,
761 468 878 514 paullo
907 472 986 504 ante
1014 469 1164 514 apertius
1192 469 1399 505 sententiam
1428 480 1524 505 suam
1553 469 1792 505 declaraverat
1818 468 1914 504 hisce
1941 469 2075 505 verbis:
2103 474 2168 506 ta-

198 525 339 578 fflss}
330 513 433 568 bod
443 514 600 568 Ἷῦἑὲοίο
629 530 727 577 qurd
755 533 1022 579 nugatorium
1050 531 1237 568 sciebam
1265 533 1346 569 ista
1373 532 1634 580 intelligere
1688 533 1804 578 Atque
1829 534 1991 579 quoniam
2020 544 2167 569 accusa-

197 577 426 644 mere
436 594 561 642 debet,
600 606 645 632 ne
681 596 775 642 quod
810 597 843 632 in
872 595 983 631 altero
1011 596 1127 632 vitium
1160 596 1407 643 reprehendit,
1446 597 1480 633 in
1520 608 1565 633 eo
1601 596 1677 644 ipse
1717 596 2012 644 deprehendatur,
2049 597 2165 644 opinio

197 658 344 694 istorum
372 660 576 705 studiorum,
606 671 651 694 ne
679 661 844 694 orationis
872 671 959 694 suae
988 662 1176 695 auctoritas
1203 661 1476 705 imminueretur,
1506 672 1607 705 quam
1636 662 1783 695 maxime
1804 662 1870 705 ipsi
1890 661 2049 696 evitanda
2078 666 2167 696 erat.

198 721 316 767 ltaque
342 724 468 759 iterum
494 724 688 768 iterumque
716 722 897 769 profitetur
932 734 972 759 se
1007 724 1118 770 ipsum
1152 723 1256 760 multa
1292 724 1431 770 quidem
1460 725 1542 760 artis
1571 735 1677 770 opera
1704 723 1852 770 vidisse,
1887 724 1951 760 sed
1981 736 2071 760 nunc
2099 724 2166 761 de-

197 791 289 821 mum
316 783 483 821 artificum
510 785 652 821 nomina
680 792 876 834 cognosse3
905 796 1007 833 quam
1035 787 1183 822 maxime
1213 791 1313 823 cavet
1340 798 1385 823 ne
1415 788 1513 835 signa
1542 791 1576 822 et
1602 786 1736 822 tabulas
1763 796 1954 835 permagno
1983 789 2165 824 aestimare

197 849 373 895 videatur,
408 855 443 884 et
467 855 598 885 tantum
626 850 743 894 abest,
778 855 814 884 ut
841 850 1105 896 intelligentiam
1133 851 1197 886 sibi
1225 852 1393 896 vindicet,
1431 856 1466 886 ut
1500 852 1534 885 in
1562 850 1744 885 idiotarum
1772 862 1919 887 numero
1947 852 2070 887 haberi
2094 862 2164 887 non

196 917 346 949 recuset.
400 897 536 949 Deinde
563 923 607 949 ne
635 912 755 949 Verris
782 913 980 949 criminibus
1008 913 1089 950 inde
1116 913 1343 961 patrocinium
1379 913 1494 960 parari
1527 917 1663 961 posset,
1701 913 1792 960 quod
1826 924 1884 950 res
1922 915 2019 961 parvi
2055 916 2164 952 aesti-

197 977 342 1012 mandas
367 981 401 1012 et
427 978 701 1013 contemnendas
729 977 863 1013 furatus
892 984 999 1023 esset,
1029 979 1153 1013 Cicero
1181 979 1329 1023 spectari
1358 978 1489 1013 debere
1517 979 1704 1022 contendit,
1734 980 1850 1024 quanti
1878 980 2000 1014 fierent
2018 992 2035 1015 a
2054 981 2166 1016 Grae-

197 1041 247 1078 eis
275 1041 357 1078 artis
385 1049 509 1088 opera,
538 1051 610 1078 non
637 1042 754 1089 quanti
782 1040 943 1078 facienda
970 1046 1097 1077 essent.
1154 1041 1308 1078 Graecos
1342 1042 1431 1078 enim
1468 1042 1607 1078 nimium
1643 1042 1732 1078 haec
1769 1043 1885 1079 mirari
1923 1045 1964 1086 (ς
1993 1042 2082 1090 60),
2119 1055 2165 1080 ex

195 1094 332 1140 illomm
359 1106 586 1150 querimoniis
620 1106 764 1152 intelligi
804 1116 909 1150 posse
951 1107 1038 1139 haec
1072 1106 1136 1139 illis
1170 1107 1396 1140 acerbissima
1424 1107 1554 1150 videri,
1594 1117 1683 1151 quae
1714 1107 1858 1141 forsitan
1886 1107 2048 1141 Romanis
2076 1109 2162 1142 levia

196 1167 231 1205 et
257 1168 512 1205 contemnenda
539 1169 743 1205 viderentur
779 1170 821 1212 (5
850 1168 937 1215 59),
976 1169 1167 1205 mirandum
1206 1170 1240 1205 in
1269 1169 1407 1205 modum
1438 1169 1595 1206 Graecos
1632 1169 1739 1206 rebus
1772 1170 1863 1217 istis,
1903 1181 1990 1216 quas
2018 1170 2162 1207 Romani

196 1237 471 1280 contemnerent,
501 1233 668 1268 delectari
697 1234 738 1276 (ς
767 1232 855 1277 60),
884 1232 972 1268 haec
999 1233 1064 1269 illis
1094 1243 1176 1269 esse
1204 1233 1455 1268 oblectamenta
1484 1239 1518 1269 et
1546 1234 1667 1269 solatia
1695 1234 1826 1270 virtutis
1856 1234 1976 1278 (ibid).

349 1360 491 1396 Revera
516 1360 612 1396 nullo
639 1370 790 1406 unquam
809 1365 966 1407 tempore
986 1360 1130 1397 Romani
1156 1364 1254 1397 tanto
1280 1361 1401 1397 artium
1429 1361 1583 1409 fingendi
1610 1362 1844 1409 pingendique
1873 1372 2003 1408 amore,
2032 1367 2160 1407 quanto

197 1423 344 1471 Graeci,
384 1429 602 1460 exarserunt.
666 1424 753 1460 Nam
791 1426 959 1470 principio
998 1425 1119 1460 studiis
1158 1425 1240 1459 belli
1277 1426 1454 1470 victuique
1488 1435 1534 1460 ex
1566 1427 1659 1472 agris
1686 1426 1843 1461 colendis
1870 1426 2025 1471 parando
2055 1426 2159 1461 dediti

194 1493 341 1535 propter
367 1487 528 1524 assiduos
558 1489 649 1524 domi
677 1488 888 1534 militiaeque
915 1488 1057 1524 labores
1086 1489 1215 1524 artibus
1243 1488 1442 1524 liberalibus
1469 1500 1600 1524 vacare
1631 1500 1700 1524 non
1737 1494 1893 1535 potuere.
1947 1489 2024 1525 Non
2059 1490 2161 1535 plane

193 1551 241 1586 illi
268 1551 407 1597 quidem
436 1552 604 1586 carebant
631 1552 712 1586 artis
741 1552 927 1598 operibus,
967 1552 1031 1586 sed
1069 1552 1124 1585 vel
1161 1562 1284 1597 regum
1323 1552 1537 1596 temporibus
1570 1552 1752 1587 simulacra
1781 1552 1910 1593 Romae
1938 1554 2049 1597 posita
2079 1563 2158 1587 esse

195 1615 367 1652 dicuntur.
421 1616 667 1651 Verumtamen
694 1620 730 1650 ut
758 1615 961 1661 Capitolium
988 1615 1183 1661 perfectum
1212 1620 1264 1650 est
1291 1614 1397 1650 sabris
1426 1615 1580 1661 undique
1614 1627 1659 1650 ex
1686 1616 1821 1651 Etruria
1859 1616 1979 1651 adcitis
2013 1617 2102 1658 [Liv.
2132 1617 2154 1661 l,

194 1690 224 1714 c.
253 1679 333 1725 56),
363 1680 413 1714 sic
441 1681 543 1714 etiam
571 1680 673 1726 signa
700 1679 755 1714 illa
784 1680 965 1714 maximam
992 1684 1125 1724 partem
1153 1680 1308 1714 Etruscis
1337 1678 1523 1713 artificibus
1552 1679 1778 1714 debebantur.
1814 1679 1857 1715 cf.
1879 1680 2159 1714 Winckelmanni

193 1745 280 1781 nist.
308 1749 372 1779 art.
406 1745 472 1789 Op.
501 1745 543 1778 V.
570 1754 650 1789 pag.
680 1743 752 1778 295
781 1754 833 1788 sq.
887 1743 1010 1788 Neque
1038 1743 1155 1788 primis
1183 1743 1395 1787 reipublicae
1423 1738 1555 1777 liberae
1583 1744 1796 1787 temporibus
1825 1754 1929 1788 quum
1956 1743 2083 1778 bellum
2113 1755 2158 1778 ex

192 1809 287 1845 bello
320 1812 482 1845 sererent
508 1808 826 1854 certaminibusque
860 1807 951 1843 inter
987 1806 1125 1853 plebem
1161 1810 1196 1843 et
1232 1806 1395 1853 patricios
1432 1807 1515 1843 ortis
1555 1805 1726 1843 discordia
1764 1806 1964 1843 laborarent
1999 1806 2156 1855 Romani,

193 1872 332 1908 mollior
356 1872 414 1907 ille
442 1881 589 1917 sensus,
618 1872 677 1918 qui
704 1872 825 1906 artium
852 1871 1066 1906 incrementa
1093 1875 1128 1905 et
1154 1871 1282 1905 cultum
1310 1871 1477 1915 continet,
1513 1875 1569 1905 aut
1595 1871 1691 1905 nasci
1718 1876 1774 1905 aut
1802 1870 2010 1906 conformari
2038 1873 2156 1917 potuit.

193 1936 350 1984 Picturae
377 1936 518 1983 quidem
546 1947 689 1983 operam
718 1936 812 1972 dedit
839 1936 896 1982 qui
924 1947 969 1970 ex
997 1947 1040 1971 ea
1067 1935 1333 1983 cognominatus
1361 1939 1415 1970 est
1441 1935 1586 1981 Fabius,
1622 1934 1734 1970 eidem
1762 1940 1876 1971 tamen
1904 1935 1997 1980 quod
2026 1937 2156 1983 pinge-

192 2005 247 2037 ret
273 2000 369 2037 laudi
404 2000 520 2036 datum
559 2010 629 2035 non
668 2004 731 2035 est.
787 1999 856 2034 Cic.
896 1999 1034 2034 Tuscul.
1070 1999 1101 2045 l,
1139 2009 1168 2033 e.
1200 1996 1237 2033 2?
1297 1998 1378 2034 Post
1412 1998 1595 2034 Pacuvium
1633 2003 1727 2034 certe
1762 2003 1899 2044 poetam
1937 1999 2156 2045 eundemque

192 2066 362 2112 pictorem
390 2065 479 2100 haec
507 2075 583 2111 ars,
622 2065 656 2099 in
695 2075 797 2110 quam
825 2063 980 2099 Graecos
1008 2065 1100 2099 omni
1127 2068 1302 2108 tempore,
1342 2064 1440 2098 cuius
1478 2063 1615 2109 quidem
1649 2064 1814 2098 memoria
1841 2067 1973 2109 exstet,
2010 2064 2156 2098 maxima

194 2139 274 2166 cum
299 2129 403 2166 laude
431 2133 467 2165 et
493 2129 604 2176 gloria
632 2127 832 2165 incubuisse
859 2131 1009 2174 constat,
1048 2127 1279 2174 ingenuorum
1312 2126 1487 2162 hominum
1523 2127 1681 2162 manibus
1717 2126 1824 2161 desita
1863 2130 1916 2162 est
1952 2124 2155 2170 tractari'ffl.

193 2192 360 2228 Nimirum
386 2196 500 2228 tantus
527 2192 580 2227 rei
607 2192 761 2227 militaris
789 2191 1005 2236 civitatisque
1033 2186 1323 2225 administrandae
1351 2200 1449 2225 amor
1474 2190 1708 2225 Romanorum
1742 2190 1861 2224 animis
1898 2190 2034 2224 innatus
2072 2194 2155 2234 erat,

194 2260 231 2292 ut
257 2257 378 2293 artium
404 2256 545 2292 laudem
574 2255 717 2292 Graecis
744 2255 894 2290 libenter
920 2254 1173 2301 concederent,
1207 2258 1473 2301 praeceptorum
1507 2253 1587 2289 olim
1621 2253 1663 2288 ab
1691 2253 1845 2289 Anchise
1882 2252 2037 2288 datorum
2065 2252 2154 2288 haud

194 2322 434 2357 immemores:

541 2388 786 2435 Excudent
812 2397 892 2432 alii
918 2396 1142 2443 spirantia
1169 2394 1354 2431 mollius
1381 2405 1519 2442 aera,-

543 2462 690 2498 Credo
719 2461 950 2507 equidem,
978 2461 1108 2495 vivos
1137 2460 1309 2495 ducent
1335 2459 1388 2493 de
1414 2470 1633 2495 marmore
1660 2459 1836 2494 voltus:

542 2527 602 2562 ‘ru
627 2536 798 2575 regere
825 2524 1015 2571 imperio
1043 2523 1258 2571 populos,
1286 2523 1498 2569 Romane,
1527 2527 1766 2569 memento;

362 2796 390 2831 ⁵)
423 2795 496 2824 plin.
520 2794 594 2823 nist.
617 2794 649 2822 N.
672 2793 780 2828 XXXV,
803 2801 869 2830 cap.
892 2793 938 2827 lv,
960 2799 984 2821 s.
1010 2794 1035 2820 7.
1078 2794 1185 2820 Postea
1206 2800 1264 2819 non
1285 2795 1331 2819 a!
1350 2794 1481 2825 spectata
1502 2794 1631 2819 tionem:
1652 2794 1791 2818 manibus.
1836 2791 1960 2827 Augusti
1983 2792 2081 2818 aetate
2105 2791 2156 2818 in-

440 2850 488 2876 ter
510 2847 647 2883 pictores
669 2845 836 2873 excellebat
857 2843 977 2878 Ludius,
1001 2843 1038 2871 de
1062 2851 1123 2879 quo
1145 2843 1247 2871 Brunn
1270 2843 1302 2877 11,
1324 2851 1353 2879 p.
1379 2844 1446 2870 306.
